

Run Date,Action,Symbol,Description,Type,Exchange Quantity,Exchange Currency,Quantity,Currency,Price,Exchange Rate,Commission,Fees,Accrued Interest,Amount,Cash Balance,Settlement Date
08/04/2025,"DEBIT CARD PURCHASE (Cash)",,"No Description",Cash,0,,0.000,USD,,0,,,,-11.95,Processing,
08/04/2025,"DEBIT CARD PURCHASE (Cash)",,"No Description",Cash,0,,0.000,USD,,0,,,,-9.99,Processing,
08/04/2025,"DEBIT CARD PURCHASE (Cash)",,"No Description",Cash,0,,0.000,USD,,0,,,,-20,Processing,
08/04/2025,"DEBIT CARD PURCHASE OUTSTAND AUTH 07/31 MARKET@WORK 20673791521219185958496 as of Jul-31-2025 (Cash)",,"No Description",Cash,0,,0.000,USD,,0,,,,-2.8,Processing,
08/04/2025,"DEBIT CARD PURCHASE OUTSTAND AUTH 08/01 CPI*CANTEEN VENDING 521302819534038 as of Aug-01-2025 (Cash)",,"No Description",Cash,0,,0.000,USD,,0,,,,-2.85,Processing,
08/04/2025,"DEBIT CARD PURCHASE OUTSTAND AUTH 08/01 Amazon web services 521301693010846 as of Aug-01-2025 (Cash)",,"No Description",Cash,0,,0.000,USD,,0,,,,-4.97,Processing,
08/04/2025,"DEBIT CARD PURCHASE OUTSTAND AUTH 08/01 METRO 057-L`ENFANT P521321518105530 as of Aug-01-2025 (Cash)",,"No Description",Cash,0,,0.000,USD,,0,,,,-5,Processing,
08/04/2025,"DEBIT CARD PURCHASE OUTSTAND AUTH 08/01 Amazon.com 521321291251663 as of Aug-01-2025 (Cash)",,"No Description",Cash,0,,0.000,USD,,0,,,,-5.63,Processing,
08/04/2025,"DEBIT CARD PURCHASE OUTSTAND AUTH 08/01 PAYPAL *Roetto Micha521301692056535 as of Aug-01-2025 (Cash)",,"No Description",Cash,0,,0.000,USD,,0,,,,-200,Processing,
08/04/2025,"DEBIT CARD PURCHASE MARKET@WORK 2067379149 RENTON WA07302524431056L5BAXD (Cash)",,"No Description",Cash,0,,0.000,USD,,0,,,,-2.8,Processing,
08/04/2025,"DEBIT CARD PURCHASE Amazon.com*XL46I2033 AMZN.COM/BILL WA08012524692166M35PJZ (Cash)",,"No Description",Cash,0,,0.000,USD,,0,,,,-7,Processing,
08/01/2025,"REINVESTMENT NATIONAL HEALTHCARE CORP (NHC) (Cash)",NHC,"NATIONAL HEALTHCARE CORP",Cash,0,,0.001,USD,94.73,0,,,,-0.07,6594.65,
08/01/2025,"DIVIDEND RECEIVED NATIONAL HEALTHCARE CORP (NHC) (Cash)",NHC,"NATIONAL HEALTHCARE CORP",Cash,0,,0.000,USD,,0,,,,0.07,6594.72,
08/01/2025,"DEBIT CARD PURCHASE MARKET@WORK 2067379149 RENTON WA07292524431056K5AVPZ (Cash)",,"No Description",Cash,0,,0.000,USD,,0,,,,-2.8,6594.65,
08/01/2025,"TRANSFERRED TO VS Z28-391843-1 (Cash)", ,"No Description",Cash,0,,0.000,USD,,0,,,,-14.92,6597.45,
08/01/2025,"TRANSFERRED TO VS Z21-990055-1 (Cash)", ,"No Description",Cash,0,,0.000,USD,,0,,,,-23.45,6612.37,
08/01/2025,"TRANSFERRED TO VS Z28-391843 REDEMPTION (Cash)", ,"No Description",Cash,0,,0.000,USD,,0,,,,-34.5,6635.82,
08/01/2025,"DEBIT CARD PURCHASE POS5487 MCDONALD'S F18 MANASSAS VA07302524251316LF6JV9 (Cash)",,"No Description",Cash,0,,0.000,USD,,0,,,,-42.6,6670.32,
08/01/2025,"TRANSFERRED TO VS Z23-693697-1 (Cash)", ,"No Description",Cash,0,,0.000,USD,,0,,,,-291,6712.92,
08/01/2025,"TRANSFERRED TO VS Z23-693697-1 (Cash)", ,"No Description",Cash,0,,0.000,USD,,0,,,,-888,7003.92,
07/31/2025,"REINVESTMENT FID L/T TREASURY BOND INDEX FUND (FNBGX) (Cash)",FNBGX,"FID L/T TREASURY BOND INDEX FUND",Cash,0,,0.06,USD,9.17,0,,,,-0.55,7891.92,
07/31/2025,"DIVIDEND RECEIVED FID L/T TREASURY BOND INDEX FUND (FNBGX) (Cash)",FNBGX,"FID L/T TREASURY BOND INDEX FUND",Cash,0,,0.000,USD,,0,,,,0.55,7892.47,
07/31/2025,"DIVIDEND RECEIVED FIDELITY GOVERNMENT MONEY MARKET (SPAXX) (Cash)",SPAXX,"FIDELITY GOVERNMENT MONEY MARKET",Cash,0,,0.000,USD,,0,,,,14.92,7891.92,
07/31/2025,"REINVESTMENT FIDELITY CAPITAL & INCOME (FAGIX) (Cash)",FAGIX,"FIDELITY CAPITAL & INCOME",Cash,0,,0.037,USD,10.61,0,,,,-0.39,7877.00,
07/31/2025,"DIVIDEND RECEIVED FIDELITY CAPITAL & INCOME (FAGIX) (Cash)",FAGIX,"FIDELITY CAPITAL & INCOME",Cash,0,,0.000,USD,,0,,,,0.39,7877.39,
07/31/2025,"DEBIT CARD PURCHASE MARKET@WORK 2067379149 RENTON WA07282524431056J5AQT7 (Cash)",,"No Description",Cash,0,,0.000,USD,,0,,,,-5.44,7877.00,
07/31/2025,"DIRECT DEPOSIT COM2 TREAS 3 FED SAL (Cash)", ,"No Description",Cash,0,,0.000,USD,,0,,,,4317.79,7882.44,
07/30/2025,"DEBIT CARD PURCHASE Amazon.com*E191L0XC3 Amzn.com/bill WA07292524692166J33BZ3 (Cash)",,"No Description",Cash,0,,0.000,USD,,0,,,,-5.99,3564.65,
07/30/2025,"DEBIT CARD PURCHASE UVA HS MY CHART 434-924-5305 VA07282524431066H7DP4S (Cash)",,"No Description",Cash,0,,0.000,USD,,0,,,,-25,3570.64,
07/30/2025,"DIRECT DEBIT STATE FARM RO SFPP (Cash)", ,"No Description",Cash,0,,0.000,USD,,0,,,,-280.93,3595.64,
07/29/2025,"YOU BOUGHT CARRIER GLOBAL CORPORATION COM (CARR) (Cash)",CARR,"CARRIER GLOBAL CORPORATION COM",Cash,0,,1,USD,71.66,0,,,,-71.66,3876.57,07/30/2025
07/29/2025,"DEBIT CARD PURCHASE POS1 FOOD LION #138 MANASSAS VA07262524251316HF6JV8 (Cash)",,"No Description",Cash,0,,0.000,USD,,0,,,,-80.65,3948.23,
07/29/2025,"DEBIT CARD PURCHASE PAPA JOHN'S #1683 703-392-7272 VA07272524445006HHEXN4 (Cash)",,"No Description",Cash,0,,0.000,USD,,0,,,,-95.93,4028.88,
07/28/2025,"DEBIT CARD PURCHASE MARKET@WORK 2067379149 RENTON WA07252524431056F59305 (Cash)",,"No Description",Cash,0,,0.000,USD,,0,,,,-2.8,4124.81,
07/28/2025,"DEBIT CARD PURCHASE MARKET@WORK 2067379149 RENTON WA07242524431056E58K6R (Cash)",,"No Description",Cash,0,,0.000,USD,,0,,,,-2.8,4127.61,
07/28/2025,"DEBIT CARD PURCHASE MARKET@WORK 2067379149 RENTON WA07232524431056D58429 (Cash)",,"No Description",Cash,0,,0.000,USD,,0,,,,-2.8,4130.41,
07/28/2025,"DEBIT CARD PURCHASE METRO 057-L'ENFANT PLZ WASHINGTON DC07232524445006D5SQQ6 (Cash)",,"No Description",Cash,0,,0.000,USD,,0,,,,-10,4133.21,
07/28/2025,"DEBIT CARD PURCHASE CONSUMERREPORTS.ORG 800-333-0663 NY07262524692166F318PG (Cash)",,"No Description",Cash,0,,0.000,USD,,0,,,,-39,4143.21,
07/28/2025,"DEBIT CARD PURCHASE PAYPAL *PYPL PAYIN4 888-221-1161 CA07262524027626F1Z81E (Cash)",,"No Description",Cash,0,,0.000,USD,,0,,,,-40.15,4182.21,
07/28/2025,"TRANSFERRED TO VS Z23-693697-1 (Cash)", ,"No Description",Cash,0,,0.000,USD,,0,,,,-56.78,4222.36,
07/28/2025,"BILL PAYMENT VERIZON WIRELESS (Cash)", ,"No Description",Cash,0,,0.000,USD,,0,,,,-437.84,4279.14,
07/25/2025,"REINVESTMENT INVESCO EXCH TRADED FD TR II GLOBAL ... (PGHY) (Cash)",PGHY,"INVESCO EXCH TRADED FD TR II GLOBAL EX ",Cash,0,,0.016,USD,19.88,0,,,,-0.32,4716.98,
07/25/2025,"DIVIDEND RECEIVED INVESCO EXCH TRADED FD TR II GLOBAL ... (PGHY) (Cash)",PGHY,"INVESCO EXCH TRADED FD TR II GLOBAL EX ",Cash,0,,0.000,USD,,0,,,,0.32,4717.30,
07/25/2025,"DEBIT CARD PURCHASE AMAZON MKTPL*7D9A21K73 Amzn.com/bill WA07242524692166D2Z52P (Cash)",,"No Description",Cash,0,,0.000,USD,,0,,,,-31.79,4716.98,
07/25/2025,"DEBIT CARD PURCHASE OLD VIRGINIA TOBACCO C ARLINGTON VA07232524377356D00018 (Cash)",,"No Description",Cash,0,,0.000,USD,,0,,,,-57.41,4748.77,
07/25/2025,"TRANSFERRED TO VS 239-574793-1 CURRENT CONTRIBUTION (Cash)", ,"No Description",Cash,0,,0.000,USD,,0,,,,-105,4806.18,
07/25/2025,"DEBIT CARD PURCHASE PAYPAL *EBAY 800-456-3 402-935-7733 CA07232524036386Q22T3S (Cash)",,"No Description",Cash,0,,0.000,USD,,0,,,,-153.32,4911.18,
07/25/2025,"BILL PAYMENT VERIZON WIRELESS (Cash)", ,"No Description",Cash,0,,0.000,USD,,0,,,,-163,5064.50,
07/25/2025,"BILL PAYMENT CAPITAL ONE AUTO FINANC (Cash)", ,"No Description",Cash,0,,0.000,USD,,0,,,,-775,5227.50,
07/24/2025,"DEBIT CARD PURCHASE MARKET@WORK 2067379149 RENTON WA07212524431056B575FT (Cash)",,"No Description",Cash,0,,0.000,USD,,0,,,,-2.8,6002.50,
07/24/2025,"DEBIT CARD PURCHASE BURGER KING #1044 MANASSAS VA07222524941446Q1HPRV (Cash)",,"No Description",Cash,0,,0.000,USD,,0,,,,-40.21,6005.30,
07/24/2025,"TRANSFERRED TO VS Z23-693697-1 (Cash)", ,"No Description",Cash,0,,0.000,USD,,0,,,,-350,6045.51,
07/23/2025,"REINVESTMENT as of Jul-21-2025 AMERICA MOVIL SAB DE CV SPON ADS EAC... (AMX) (Cash)",AMX,"AMERICA MOVIL SAB DE CV SPON ADS EACH R",Cash,0,,0.06,USD,17.21,0,,,,-1.03,6395.51,
07/23/2025,"DIVIDEND RECEIVED as of Jul-21-2025 AMERICA MOVIL SAB DE CV SPON ADS EAC... (AMX) (Cash)",AMX,"AMERICA MOVIL SAB DE CV SPON ADS EACH R",Cash,0,,0.000,USD,,0,,,,1.03,6396.54,
07/23/2025,"DEBIT CARD PURCHASE Amazon.com*B70IG4C63 AMZN.COM/BILL WA07212524692166A2X68T (Cash)",,"No Description",Cash,0,,0.000,USD,,0,,,,-24.76,6395.51,
07/23/2025,"TRANSFERRED TO VS Z23-693697-1 (Cash)", ,"No Description",Cash,0,,0.000,USD,,0,,,,-60,6420.27,
07/22/2025,"DEBIT CARD PURCHASE POSNCZT UBER EATS* EAT SAN FRANCISC CA07202524251316AF6JV6 (Cash)",,"No Description",Cash,0,,0.000,USD,,0,,,,-17.48,6480.27,
07/22/2025,"DEBIT CARD PURCHASE CLAUDE.AI SUBSCRIPTION ANTHROPIC.COM CA07202524011346A2X48W (Cash)",,"No Description",Cash,0,,0.000,USD,,0,,,,-20,6497.75,
07/22/2025,"DEBIT CARD PURCHASE PAYPAL *PYPL PAYIN4 888-221-1161 CA0720252402762691Z0GM (Cash)",,"No Description",Cash,0,,0.000,USD,,0,,,,-30.74,6517.75,
07/22/2025,"DEBIT CARD PURCHASE AMAZON MKTPL*BI81M2DK3 Amzn.com/bill WA0720252469216693591G (Cash)",,"No Description",Cash,0,,0.000,USD,,0,,,,-49.79,6548.49,
07/22/2025,"TRANSFERRED TO VS Z23-693697-1 (Cash)", ,"No Description",Cash,0,,0.000,USD,,0,,,,-50,6598.28,
07/22/2025,"DEBIT CARD PURCHASE PIZZA BOLI'S 703-335-2000 VA071925247650169Q1EW5 (Cash)",,"No Description",Cash,0,,0.000,USD,,0,,,,-72.93,6648.28,
07/22/2025,"DEBIT CARD PURCHASE POSNCZT UBER EATS* EAT SAN FRANCISC CA07202524251316AF6JV6 (Cash)",,"No Description",Cash,0,,0.000,USD,,0,,,,-152.54,6721.21,
07/22/2025,"DEBIT CARD PURCHASE POS2 PRINCE WIL 4 COUNTY COM VA07212524251316AF6JV6 (Cash)",,"No Description",Cash,0,,0.000,USD,,0,,,,-158.1,6873.75,
07/22/2025,"DEBIT CARD PURCHASE PAYPAL *PYPL PAYIN4 888-221-1161 CA07202524027626A1Z178 (Cash)",,"No Description",Cash,0,,0.000,USD,,0,,,,-164.33,7031.85,
07/22/2025,"TRANSFERRED TO VS 239-574793-1 CURRENT CONTRIBUTION (Cash)", ,"No Description",Cash,0,,0.000,USD,,0,,,,-275,7196.18,
07/21/2025,"DIVIDEND RECEIVED QUEST DIAGNOSTICS INC COM USD0.01 (DGX) (Cash)",DGX,"QUEST DIAGNOSTICS INC COM USD0.01",Cash,0,,0.000,USD,,0,,,,0.04,7471.18,
07/21/2025,"DEBIT CARD PURCHASE MARKET@WORK 2067379149 RENTON WA07182524431056855W26 (Cash)",,"No Description",Cash,0,,0.000,USD,,0,,,,-2.8,7471.14,
07/21/2025,"DEBIT CARD PURCHASE MARKET@WORK 2067379149 RENTON WA07172524431056755QP2 (Cash)",,"No Description",Cash,0,,0.000,USD,,0,,,,-2.8,7473.94,
07/21/2025,"DEBIT CARD PURCHASE PAYPAL *HETZNER 98315050 DF071825742446969FBPSJ (Cash)",,"No Description",Cash,0,,0.000,USD,,0,,,,-5.57,7476.74,
07/21/2025,"DEBIT CARD PURCHASE Amazon.com*R36QS9GB3 Amzn.com/bill WA07192524692166834Q1E (Cash)",,"No Description",Cash,0,,0.000,USD,,0,,,,-21.37,7482.31,
07/21/2025,"DEBIT CARD PURCHASE PAYPAL *PYPL PAYIN4 888-221-1161 CA0719252402762681YZE6 (Cash)",,"No Description",Cash,0,,0.000,USD,,0,,,,-34.19,7503.68,
07/21/2025,"TRANSFERRED TO VS Z23-693697-1 (Cash)", ,"No Description",Cash,0,,0.000,USD,,0,,,,-67.89,7537.87,
07/21/2025,"DEBIT CARD PURCHASE PAYPAL *PYPL PAYIN4 888-221-1161 CA0719252402762681YYP0 (Cash)",,"No Description",Cash,0,,0.000,USD,,0,,,,-86.65,7605.76,
07/21/2025,"TRANSFERRED TO VS 239-574793-1 CURRENT CONTRIBUTION (Cash)", ,"No Description",Cash,0,,0.000,USD,,0,,,,-125,7692.41,
07/21/2025,"DEBIT CARD PURCHASE PAYPAL *Roetto Michael Visa Direct CA07182524248186700533 (Cash)",,"No Description",Cash,0,,0.000,USD,,0,,,,-200,7817.41,
07/18/2025,"DEBIT CARD PURCHASE MARKET@WORK 2067379149 RENTON WA07152524431056554E4K (Cash)",,"No Description",Cash,0,,0.000,USD,,0,,,,-2.8,8017.41,
07/18/2025,"DEBIT CARD PURCHASE Amazon.com*K488G28H3 AMZN.COM/BILL WA07152524692166531EL8 (Cash)",,"No Description",Cash,0,,0.000,USD,,0,,,,-15.3,8020.21,
07/18/2025,"DEBIT CARD PURCHASE Spotify USA 877-7781161 NY07172524204296600V0E (Cash)",,"No Description",Cash,0,,0.000,USD,,0,,,,-19.99,8035.51,
07/18/2025,"DEBIT CARD PURCHASE POS9218 GOOGLE *YouTub Mountain Vie CA071625242513166F6JW3 (Cash)",,"No Description",Cash,0,,0.000,USD,,0,,,,-22.99,8055.50,
07/18/2025,"DEBIT CARD PURCHASE AMAZON MKTPL*3377532Y3 Amzn.com/bill WA07162524692166531MHW (Cash)",,"No Description",Cash,0,,0.000,USD,,0,,,,-26.49,8078.49,
07/17/2025,"REINVESTMENT MEDICAL PROPERTIES TRUST INC (MPW) (Cash)",MPW,"MEDICAL PROPERTIES TRUST INC",Cash,0,,0.105,USD,4.1,0,,,,-0.43,8104.98,
07/17/2025,"DIVIDEND RECEIVED MEDICAL PROPERTIES TRUST INC (MPW) (Cash)",MPW,"MEDICAL PROPERTIES TRUST INC",Cash,0,,0.000,USD,,0,,,,0.43,8105.41,
07/17/2025,"DIVIDEND RECEIVED INGLES MARKETS INC (IMKTA) (Cash)",IMKTA,"INGLES MARKETS INC",Cash,0,,0.000,USD,,0,,,,0.02,8104.98,
07/17/2025,"DEBIT CARD PURCHASE MARKET@WORK 2067379149 RENTON WA07142524431056453YFW (Cash)",,"No Description",Cash,0,,0.000,USD,,0,,,,-2.8,8104.96,
07/17/2025,"DEBIT CARD PURCHASE POSM6KE 7-ELEVEN Manassas VA071625242513165F6JW3 (Cash)",,"No Description",Cash,0,,0.000,USD,,0,,,,-10.88,8107.76,
07/17/2025,"DEBIT CARD PURCHASE ENTIRELYDIGITAL COM 877-2423882 CD0715257492427648FX4J (Cash)",,"No Description",Cash,0,,0.000,USD,,0,,,,-11,8118.64,
07/17/2025,"TRANSFERRED TO VS Z21-438083-1 (Cash)", ,"No Description",Cash,0,,0.000,USD,,0,,,,-40,8129.64,
07/17/2025,"TRANSFERRED TO VS Z09-658794-1 (Cash)", ,"No Description",Cash,0,,0.000,USD,,0,,,,-40,8169.64,
07/17/2025,"WIRE TRANSFER TO BANK (Cash)",,"No Description",Cash,0,,0.000,USD,,0,,,,-100,8209.64,
07/17/2025,"TRANSFERRED TO VS 239-574793-1 CURRENT CONTRIBUTION (Cash)", ,"No Description",Cash,0,,0.000,USD,,0,,,,-105,8309.64,
07/17/2025,"TRANSFERRED TO VS Z23-693697-1 (Cash)", ,"No Description",Cash,0,,0.000,USD,,0,,,,-123,8414.64,
07/17/2025,"DIRECT DEPOSIT COM2 TREAS 3 FED SAL (Cash)", ,"No Description",Cash,0,,0.000,USD,,0,,,,7547.79,8537.64,
07/16/2025,"DEBIT CARD PURCHASE Amazon.com*F46TP9VK3 Amzn.com/bill WA07142524692166330D52 (Cash)",,"No Description",Cash,0,,0.000,USD,,0,,,,-5.37,989.85,
07/16/2025,"DEBIT CARD PURCHASE Amazon.com*NR6HJ80B1 Amzn.com/bill WA07142524692166330D8N (Cash)",,"No Description",Cash,0,,0.000,USD,,0,,,,-7.72,995.22,
07/16/2025,"DEBIT CARD PURCHASE AMAZON MKTPL*CU0XG7EE3 Amzn.com/bill WA07142524692166330A6K (Cash)",,"No Description",Cash,0,,0.000,USD,,0,,,,-13.77,1002.94,
07/16/2025,"DEBIT CARD PURCHASE Amazon.com*AY68I49F3 Amzn.com/bill WA07142524692166330DEB (Cash)",,"No Description",Cash,0,,0.000,USD,,0,,,,-19.26,1016.71,
07/16/2025,"TRANSFERRED TO TRANSFER (Cash)", ,"No Description",Cash,0,,0.000,USD,,0,,,,-22,1035.97,
07/16/2025,"DEBIT CARD PURCHASE Amazon.com*9E3P01WN3 Amzn.com/bill WA07142524692166330DEB (Cash)",,"No Description",Cash,0,,0.000,USD,,0,,,,-24.76,1057.97,
07/16/2025,"DEBIT CARD PURCHASE Amazon.com*P30HG3W43 Amzn.com/bill WA07142524692166430DXF (Cash)",,"No Description",Cash,0,,0.000,USD,,0,,,,-53.42,1082.73,
07/15/2025,"REINVESTMENT as of Jul-11-2025 NORTH AMERICAN CONSTRUCTION GRP LTD ... (NOA) (Cash)",NOA,"NORTH AMERICAN CONSTRUCTION GRP LTD COM",Cash,0,,0.054,USD,15.68,0,,,,-0.85,1136.15,
07/15/2025,"DIVIDEND RECEIVED CINCINNATI FINANCIAL CORP COM USD2.00 (CINF) (Cash)",CINF,"CINCINNATI FINANCIAL CORP COM USD2.00",Cash,0,,0.000,USD,,0,,,,0.03,1137.00,
07/15/2025,"FOREIGN TAX PAID as of Jul-11-2025 NORTH AMERICAN CONSTRUCTION GRP LTD ... (NOA) (Cash)",NOA,"NORTH AMERICAN CONSTRUCTION GRP LTD COM",Cash,0,,0.000,USD,,0,,,,-0.15,1136.97,
07/15/2025,"DIVIDEND RECEIVED as of Jul-11-2025 NORTH AMERICAN CONSTRUCTION GRP LTD ... (NOA) (Cash)",NOA,"NORTH AMERICAN CONSTRUCTION GRP LTD COM",Cash,0,,0.000,USD,,0,,,,1,1137.12,
07/15/2025,"DEBIT CARD PURCHASE PP*APPLE.COM/BILL 402-935-7733 CA07132524036386222E4Q (Cash)",,"No Description",Cash,0,,0.000,USD,,0,,,,-0.99,1136.12,
07/15/2025,"TRANSFERRED TO VS Z23-693697-1 (Cash)", ,"No Description",Cash,0,,0.000,USD,,0,,,,-571,1137.11,
07/15/2025,"BILL PAYMENT WELLS FARGO AUTO GROUP (Cash)", ,"No Description",Cash,0,,0.000,USD,,0,,,,-933,1708.11,
07/14/2025,"DEBIT CARD PURCHASE MARKET@WORK 2067379149 RENTON WA071025244310560526Y8 (Cash)",,"No Description",Cash,0,,0.000,USD,,0,,,,-2.8,2641.11,
07/14/2025,"DEBIT CARD PURCHASE MARKET@WORK 2067379149 RENTON WA07112524431056152N9Q (Cash)",,"No Description",Cash,0,,0.000,USD,,0,,,,-2.8,2643.91,
07/14/2025,"DEBIT CARD PURCHASE PLEXINC*PASS MONTHLY PLEX.TV CA071125241164160LPLY4 (Cash)",,"No Description",Cash,0,,0.000,USD,,0,,,,-6.99,2646.71,
07/14/2025,"DEBIT CARD PURCHASE MARKET@WORK 2067379149 RENTON WA07092524431055Z51PNY (Cash)",,"No Description",Cash,0,,0.000,USD,,0,,,,-7.61,2653.70,
07/14/2025,"DEBIT CARD PURCHASE OTT* SOFTWHITEUNDERBEL SOFTWHITEUNDE CA07102524064665Z2X50G (Cash)",,"No Description",Cash,0,,0.000,USD,,0,,,,-10,2661.31,
07/14/2025,"DEBIT CARD PURCHASE Netflix.com netflix.com CA0712252490641616TKY3 (Cash)",,"No Description",Cash,0,,0.000,USD,,0,,,,-17.99,2671.31,
07/14/2025,"DEBIT CARD PURCHASE POSMOFP 7-ELEVEN Manassas Par VA071025242513160F6JW1 (Cash)",,"No Description",Cash,0,,0.000,USD,,0,,,,-30.03,2689.30,
07/14/2025,"DEBIT CARD PURCHASE PAYPAL *PYPL PAYIN4 888-221-1161 CA07092524027625Z1YJDF (Cash)",,"No Description",Cash,0,,0.000,USD,,0,,,,-40.15,2719.33,
07/14/2025,"DEBIT CARD PURCHASE OLD VIRGINIA TOBACCO C MANASSAS VA0712252437735620001Q (Cash)",,"No Description",Cash,0,,0.000,USD,,0,,,,-57.41,2759.48,
07/11/2025,"DIVIDEND RECEIVED FIDELITY DIVIDEND GROWTH (FDGFX) (Cash)",FDGFX,"FIDELITY DIVIDEND GROWTH",Cash,0,,0.000,USD,,0,,,,0.01,2816.89,
07/11/2025,"DEBIT CARD PURCHASE MARKET@WORK 2067379149 RENTON WA07082524431055Y518V1 (Cash)",,"No Description",Cash,0,,0.000,USD,,0,,,,-2.8,2816.88,
07/10/2025,"DEBIT CARD PURCHASE MARKET@WORK 2067379149 RENTON WA07072524431055X50TPG (Cash)",,"No Description",Cash,0,,0.000,USD,,0,,,,-2.8,2819.68,
07/10/2025,"DEBIT CARD PURCHASE Patreon* Membership 833-9728766 CA07092524793385Y010TX (Cash)",,"No Description",Cash,0,,0.000,USD,,0,,,,-5,2822.48,
07/10/2025,"TRANSFERRED TO VS Z23-693697-1 (Cash)", ,"No Description",Cash,0,,0.000,USD,,0,,,,-88.88,2827.48,
07/09/2025,"REINVESTMENT BRT APARTMENTS CORP COM (BRT) (Cash)",BRT,"BRT APARTMENTS CORP COM",Cash,0,,0.163,USD,16.04,0,,,,-2.62,2916.36,
07/09/2025,"DIVIDEND RECEIVED BRT APARTMENTS CORP COM (BRT) (Cash)",BRT,"BRT APARTMENTS CORP COM",Cash,0,,0.000,USD,,0,,,,2.62,2918.98,
07/08/2025,"REINVESTMENT FLEXSHARES CREDIT-SCORED US LONG COR... (LKOR) (Cash)",LKOR,"FLEXSHARES CREDIT-SCORED US LONG CORP B",Cash,0,,0.021,USD,41.93,0,,,,-0.89,2916.36,
07/08/2025,"DIVIDEND RECEIVED FLEXSHARES CREDIT-SCORED US LONG COR... (LKOR) (Cash)",LKOR,"FLEXSHARES CREDIT-SCORED US LONG CORP B",Cash,0,,0.000,USD,,0,,,,0.89,2917.25,
07/08/2025,"REINVESTMENT FLEXSHARES IBOXX 5-YEAR TARG (TDTF) (Cash)",TDTF,"FLEXSHARES IBOXX 5-YEAR TARG",Cash,0,,0.014,USD,23.91,0,,,,-0.33,2916.36,
07/08/2025,"DIVIDEND RECEIVED FLEXSHARES IBOXX 5-YEAR TARG (TDTF) (Cash)",TDTF,"FLEXSHARES IBOXX 5-YEAR TARG",Cash,0,,0.000,USD,,0,,,,0.33,2916.69,
07/08/2025,"DEBIT CARD PURCHASE POSM6KE 7-ELEVEN Manassas VA07062524251315WF6JW0 (Cash)",,"No Description",Cash,0,,0.000,USD,,0,,,,-20.17,2916.36,
07/08/2025,"TRANSFERRED TO VS Z21-990055-1 (Cash)", ,"No Description",Cash,0,,0.000,USD,,0,,,,-30,2936.53,
07/08/2025,"DEBIT CARD PURCHASE POS5487 MCDONALD'S F18 MANASSAS VA07032524251315WF6JW0 (Cash)",,"No Description",Cash,0,,0.000,USD,,0,,,,-45.91,2966.53,
07/08/2025,"BILL PAYMENT NOVEC (Cash)", ,"No Description",Cash,0,,0.000,USD,,0,,,,-84.85,3012.44,
07/08/2025,"BILL PAYMENT NOVEC (Cash)", ,"No Description",Cash,0,,0.000,USD,,0,,,,-188.25,3097.29,
07/07/2025,"REINVESTMENT VANECK ETF TR FALLEN ANGEL HIGH YLD ... (ANGL) (Cash)",ANGL,"VANECK ETF TR FALLEN ANGEL HIGH YLD BD ",Cash,0,,0.057,USD,29.18,0,,,,-1.66,3285.54,
07/07/2025,"DIVIDEND RECEIVED VANECK ETF TR FALLEN ANGEL HIGH YLD ... (ANGL) (Cash)",ANGL,"VANECK ETF TR FALLEN ANGEL HIGH YLD BD ",Cash,0,,0.000,USD,,0,,,,1.66,3287.20,
07/07/2025,"REINVESTMENT SPDR BLOOMBERG SHORT TERM HIGH YIELD... (SJNK) (Cash)",SJNK,"SPDR BLOOMBERG SHORT TERM HIGH YIELD BO",Cash,0,,0.033,USD,25.39,0,,,,-0.85,3285.54,
07/07/2025,"DIVIDEND RECEIVED SPDR BLOOMBERG SHORT TERM HIGH YIELD... (SJNK) (Cash)",SJNK,"SPDR BLOOMBERG SHORT TERM HIGH YIELD BO",Cash,0,,0.000,USD,,0,,,,0.85,3286.39,
07/07/2025,"DEBIT CARD PURCHASE MARKET@WORK 2067379149 RENTON WA07022524431055R4YNXQ (Cash)",,"No Description",Cash,0,,0.000,USD,,0,,,,-2.58,3285.54,
07/07/2025,"DEBIT CARD PURCHASE MARKET@WORK 2067379149 RENTON WA07012524431055P4Y7SV (Cash)",,"No Description",Cash,0,,0.000,USD,,0,,,,-2.58,3288.12,
07/07/2025,"DEBIT CARD PURCHASE CURSOR USAGE JUN CURSOR.COM NY07052524011345S2X55B (Cash)",,"No Description",Cash,0,,0.000,USD,,0,,,,-2.93,3290.70,
07/07/2025,"DEBIT CARD PURCHASE Amazon.com*N30G917Q2 AMZN.COM/BILL WA07022524692165P2Z9DG (Cash)",,"No Description",Cash,0,,0.000,USD,,0,,,,-5.63,3293.63,
07/07/2025,"DEBIT CARD PURCHASE Amazon.com*N35F883T1 AMZN.COM/BILL WA07022524692165P2YXLL (Cash)",,"No Description",Cash,0,,0.000,USD,,0,,,,-7,3299.26,
07/07/2025,"DEBIT CARD PURCHASE Amazon web services aws.amazon.co WA07022524692165P2Z6ZX (Cash)",,"No Description",Cash,0,,0.000,USD,,0,,,,-7.69,3306.26,
07/07/2025,"DEBIT CARD PURCHASE UBER *ONE MEMBERSHIP UBER.COM/BILL CA07042524036295TMKKMT (Cash)",,"No Description",Cash,0,,0.000,USD,,0,,,,-9.99,3313.95,
07/07/2025,"DEBIT CARD PURCHASE DD *DOORDASH LITTLECAE DOORDASH.COM CA07052524011345S2X5KA (Cash)",,"No Description",Cash,0,,0.000,USD,,0,,,,-69.5,3323.94,
07/07/2025,"DEBIT CARD PURCHASE PAYPAL *PYPL PAYIN4 888-221-1161 CA07022524027625R1Z709 (Cash)",,"No Description",Cash,0,,0.000,USD,,0,,,,-86.65,3393.44,
07/07/2025,"TRANSFERRED TO VS Z23-693697-1 (Cash)", ,"No Description",Cash,0,,0.000,USD,,0,,,,-130,3480.09,
07/07/2025,"DEBIT CARD PURCHASE PAYPAL *PYPL PAYIN4 888-221-1161 CA07042524027625S1Z9PV (Cash)",,"No Description",Cash,0,,0.000,USD,,0,,,,-164.34,3610.09,
07/03/2025,"REINVESTMENT VANGUARD SCOTTSDALE FDS VANGUARD SHO... (VCSH) (Cash)",VCSH,"VANGUARD SCOTTSDALE FDS VANGUARD SHORT-",Cash,0,,0.001,USD,79.16,0,,,,-0.08,3774.43,
07/03/2025,"DIVIDEND RECEIVED VANGUARD SCOTTSDALE FDS VANGUARD SHO... (VCSH) (Cash)",VCSH,"VANGUARD SCOTTSDALE FDS VANGUARD SHORT-",Cash,0,,0.000,USD,,0,,,,0.08,3774.51,
07/03/2025,"REINVESTMENT J P MORGAN EXCHANGE TRADED FD INTL B... (JPIB) (Cash)",JPIB,"J P MORGAN EXCHANGE TRADED FD INTL BD O",Cash,0,,0.006,USD,48.47,0,,,,-0.31,3774.43,
07/03/2025,"DIVIDEND RECEIVED J P MORGAN EXCHANGE TRADED FD INTL B... (JPIB) (Cash)",JPIB,"J P MORGAN EXCHANGE TRADED FD INTL BD O",Cash,0,,0.000,USD,,0,,,,0.31,3774.74,
07/03/2025,"DEBIT CARD PURCHASE MARKET@WORK 2067379149 RENTON WA06302524431055N4XRFN (Cash)",,"No Description",Cash,0,,0.000,USD,,0,,,,-2.58,3774.43,
07/03/2025,"DEBIT CARD PURCHASE PAYPAL *Roetto Michael Visa Direct CA07012524248185N004PT (Cash)",,"No Description",Cash,0,,0.000,USD,,0,,,,-200,3777.01,
07/03/2025,"TRANSFERRED TO VS Z23-693697-1 (Cash)", ,"No Description",Cash,0,,0.000,USD,,0,,,,-1234.56,3977.01,
07/03/2025,"BILL PAYMENT SELECT PORTFOLIO SERVIC (Cash)", ,"No Description",Cash,0,,0.000,USD,,0,,,,-1507,5211.57,
07/02/2025,"DEBIT CARD PURCHASE FIVE BELOW 8037 MANASSAS VA06292524137465MEJFFB (Cash)",,"No Description",Cash,0,,0.000,USD,,0,,,,-21.16,6718.57,
07/02/2025,"TRANSFERRED TO VS Z23-693697-1 (Cash)", ,"No Description",Cash,0,,0.000,USD,,0,,,,-30,6739.73,
07/02/2025,"DIRECT DEBIT STATE FARM RO SFPP (Cash)", ,"No Description",Cash,0,,0.000,USD,,0,,,,-280.93,6769.73,
07/02/2025,"DIRECT DEPOSIT COM2 TREAS 3 FED SAL (Cash)", ,"No Description",Cash,0,,0.000,USD,,0,,,,4317.23,7050.66,
07/01/2025,"REINVESTMENT as of Jun-27-2025 PETROLEO BRASILEIRO SA PETROBRAS SPO... (PBR) (Cash)",PBR,"PETROLEO BRASILEIRO SA PETROBRAS SPON A",Cash,0,,0.13,USD,12.46,0,,,,-1.62,2733.43,
07/01/2025,"REINVESTMENT as of Jun-27-2025 PETROLEO BRASILEIRO SA PETROBRAS SPO... (PBR) (Cash)",PBR,"PETROLEO BRASILEIRO SA PETROBRAS SPON A",Cash,0,,0.002,USD,12.46,0,,,,-0.03,2735.05,
07/01/2025,"FOREIGN TAX PAID as of Jun-27-2025 PETROLEO BRASILEIRO SA PETROBRAS SPO... (PBR) (Cash)",PBR,"PETROLEO BRASILEIRO SA PETROBRAS SPON A",Cash,0,,0.000,USD,,0,,,,-0.01,2735.08,
07/01/2025,"FEE CHARGED as of Jun-27-2025 PETROLEO BRASILEIRO SA PETROBRAS SPO... (PBR) (Cash)",PBR,"PETROLEO BRASILEIRO SA PETROBRAS SPON A",Cash,0,,0.000,USD,,0,,,,-0.06,2735.09,
07/01/2025,"DIVIDEND RECEIVED as of Jun-27-2025 PETROLEO BRASILEIRO SA PETROBRAS SPO... (PBR) (Cash)",PBR,"PETROLEO BRASILEIRO SA PETROBRAS SPON A",Cash,0,,0.000,USD,,0,,,,0.1,2735.15,
07/01/2025,"DIVIDEND RECEIVED as of Jun-27-2025 PETROLEO BRASILEIRO SA PETROBRAS SPO... (PBR) (Cash)",PBR,"PETROLEO BRASILEIRO SA PETROBRAS SPON A",Cash,0,,0.000,USD,,0,,,,1.62,2735.05,
07/01/2025,"TRANSFERRED TO VS Z28-391843-1 (Cash)", ,"No Description",Cash,0,,0.000,USD,,0,,,,-12.41,2733.43,
07/01/2025,"TRANSFERRED TO VS Z28-391843 REDEMPTION (Cash)", ,"No Description",Cash,0,,0.000,USD,,0,,,,-33,2745.84,
07/01/2025,"DEBIT CARD PURCHASE OLD VIRGINIA TOBACCO C MANASSAS VA06292524377355M00029 (Cash)",,"No Description",Cash,0,,0.000,USD,,0,,,,-57.41,2778.84,
07/01/2025,"DEBIT CARD PURCHASE POS1 FOOD LION MANASSAS VA06282524251315MF6JVY (Cash)",,"No Description",Cash,0,,0.000,USD,,0,,,,-246.98,2836.25,
06/30/2025,"REINVESTMENT PROLOGIS INC. COM (PLD) (Cash)",PLD,"PROLOGIS INC. COM",Cash,0,,0.005,USD,106.44,0,,,,-0.52,3083.23,
06/30/2025,"DIVIDEND RECEIVED PROLOGIS INC. COM (PLD) (Cash)",PLD,"PROLOGIS INC. COM",Cash,0,,0.000,USD,,0,,,,0.52,3083.75,
06/30/2025,"REINVESTMENT FID L/T TREASURY BOND INDEX FUND (FNBGX) (Cash)",FNBGX,"FID L/T TREASURY BOND INDEX FUND",Cash,0,,0.057,USD,9.28,0,,,,-0.53,3083.23,
06/30/2025,"DIVIDEND RECEIVED FID L/T TREASURY BOND INDEX FUND (FNBGX) (Cash)",FNBGX,"FID L/T TREASURY BOND INDEX FUND",Cash,0,,0.000,USD,,0,,,,0.53,3083.76,
06/30/2025,"DIVIDEND RECEIVED FIDELITY GOVERNMENT MONEY MARKET (SPAXX) (Cash)",SPAXX,"FIDELITY GOVERNMENT MONEY MARKET",Cash,0,,0.000,USD,,0,,,,12.41,3083.23,
06/30/2025,"REINVESTMENT FIDELITY CAPITAL & INCOME (FAGIX) (Cash)",FAGIX,"FIDELITY CAPITAL & INCOME",Cash,0,,0.036,USD,10.46,0,,,,-0.38,3070.82,
06/30/2025,"DIVIDEND RECEIVED FIDELITY CAPITAL & INCOME (FAGIX) (Cash)",FAGIX,"FIDELITY CAPITAL & INCOME",Cash,0,,0.000,USD,,0,,,,0.38,3071.20,
06/30/2025,"DEBIT CARD PURCHASE MARKET@WORK 2067379149 RENTON WA06262524431055J4W058 (Cash)",,"No Description",Cash,0,,0.000,USD,,0,,,,-2.58,3070.82,
06/30/2025,"TRANSFERRED TO VS Z21-990055-1 (Cash)", ,"No Description",Cash,0,,0.000,USD,,0,,,,-24.68,3073.40,
06/30/2025,"TRANSFERRED TO VS Z23-693697-1 (Cash)", ,"No Description",Cash,0,,0.000,USD,,0,,,,-25,3098.08,
06/30/2025,"DEBIT CARD PURCHASE POS5487 MCDONALD'S F18 MANASSAS VA06272524251315JF6JVX (Cash)",,"No Description",Cash,0,,0.000,USD,,0,,,,-27.65,3123.08,
06/30/2025,"TRANSFERRED TO VS Z24-733398-1 (Cash)", ,"No Description",Cash,0,,0.000,USD,,0,,,,-43.21,3150.73,
06/30/2025,"DEBIT CARD PURCHASE Amazon.com*NQ9MS7G90 Amzn.com/bill WA06272524692165K34D5Q (Cash)",,"No Description",Cash,0,,0.000,USD,,0,,,,-49.84,3193.94,
06/30/2025,"TRANSFERRED TO VS Z24-733398-1 (Cash)", ,"No Description",Cash,0,,0.000,USD,,0,,,,-56.78,3243.78,
06/30/2025,"DEBIT CARD PURCHASE CITY OF MP PARKIGN TCK TPEREQ@EGOV.C VA06262524116415JB8D7K (Cash)",,"No Description",Cash,0,,0.000,USD,,0,,,,-90.91,3300.56,
06/27/2025,"REINVESTMENT INVESCO EXCH TRADED FD TR II GLOBAL ... (PGHY) (Cash)",PGHY,"INVESCO EXCH TRADED FD TR II GLOBAL EX ",Cash,0,,0.025,USD,19.82,0,,,,-0.49,3391.47,
06/27/2025,"DIVIDEND RECEIVED INVESCO EXCH TRADED FD TR II GLOBAL ... (PGHY) (Cash)",PGHY,"INVESCO EXCH TRADED FD TR II GLOBAL EX ",Cash,0,,0.000,USD,,0,,,,0.49,3391.96,
06/27/2025,"YOU BOUGHT L OREAL UNSPON ADR EACH REP 0.2 ORD SHS (LRLCY) (Cash)",LRLCY,"L OREAL UNSPON ADR EACH REP 0.2 ORD SHS",Cash,0,,1,USD,83.32,0,,0.33,,-83.65,3391.47,06/30/2025
06/27/2025,"YOU SOLD INVESCO EXCH TRADED FD TR II GLOBAL ... (PGHY) (Cash)",PGHY,"INVESCO EXCH TRADED FD TR II GLOBAL EX ",Cash,0,,-0.555,USD,19.82,0,,,,11,3475.12,06/30/2025
06/27/2025,"YOU SOLD INVESCO EXCH TRADED FD TR II GLOBAL ... (PGHY) (Cash)",PGHY,"INVESCO EXCH TRADED FD TR II GLOBAL EX ",Cash,0,,-1,USD,19.88,0,,,,19.88,3464.12,06/30/2025
06/27/2025,"YOU SOLD DONNELLEY FINL SOLUTIONS INC COM (DFIN) (Cash)",DFIN,"DONNELLEY FINL SOLUTIONS INC COM",Cash,0,,-0.711,USD,62.13,0,,,,44.17,3444.24,06/30/2025
06/27/2025,"DEBIT CARD PURCHASE MARKET@WORK 2067379149 RENTON WA06242524431055G4V204 (Cash)",,"No Description",Cash,0,,0.000,USD,,0,,,,-2.58,3400.07,
06/27/2025,"DEBIT CARD PURCHASE METRO 057-L`ENFANT PLZ WASHINGTON DC06242524445005G5SQT4 (Cash)",,"No Description",Cash,0,,0.000,USD,,0,,,,-9,3402.65,
06/27/2025,"TRANSFERRED TO VS Z23-693697-1 (Cash)", ,"No Description",Cash,0,,0.000,USD,,0,,,,-35,3411.65,
06/27/2025,"BILL PAYMENT CAPITAL ONE AUTO FINANC (Cash)", ,"No Description",Cash,0,,0.000,USD,,0,,,,-775,3446.65,
06/26/2025,"DEBIT CARD PURCHASE POSM6JQ 7-ELEVEN MANASSAS VA06242524251315GF6JVW (Cash)",,"No Description",Cash,0,,0.000,USD,,0,,,,-8.06,4221.65,
06/26/2025,"DEBIT CARD PURCHASE Amazon.com*NO40M0SE0 Amzn.com/bill WA06242524692165F318KJ (Cash)",,"No Description",Cash,0,,0.000,USD,,0,,,,-16.71,4229.71,
06/26/2025,"TRANSFERRED TO VS Z21-990055-1 (Cash)", ,"No Description",Cash,0,,0.000,USD,,0,,,,-19.99,4246.42,
06/26/2025,"DEBIT CARD PURCHASE Amazon.com*NQ3SP3P82 Amzn.com/bill WA06242524692165F317N1 (Cash)",,"No Description",Cash,0,,0.000,USD,,0,,,,-24.05,4266.41,
06/26/2025,"TRANSFERRED TO VS Z23-693697-1 (Cash)", ,"No Description",Cash,0,,0.000,USD,,0,,,,-45,4290.46,
06/26/2025,"DEBIT CARD PURCHASE OLD VIRGINIA TOBACCO C ARLINGTON VA06242524377355G00018 (Cash)",,"No Description",Cash,0,,0.000,USD,,0,,,,-47.44,4335.46,
06/26/2025,"BILL PAYMENT VERIZON WIRELESS (Cash)", ,"No Description",Cash,0,,0.000,USD,,0,,,,-483.57,4382.90,
06/25/2025,"REINVESTMENT as of Jun-23-2025 SHELL PLC SPON ADS EA REP 2 ORD SHS (SHEL) (Cash)",SHEL,"SHELL PLC SPON ADS EA REP 2 ORD SHS",Cash,0,,0.003,USD,70.49,0,,,,-0.19,4866.47,
06/25/2025,"REINVESTMENT HIGHPEAK ENERGY INC COM (HPK) (Cash)",HPK,"HIGHPEAK ENERGY INC COM",Cash,0,,0.014,USD,10.26,0,,,,-0.14,4866.66,
06/25/2025,"DIVIDEND RECEIVED HIGHPEAK ENERGY INC COM (HPK) (Cash)",HPK,"HIGHPEAK ENERGY INC COM",Cash,0,,0.000,USD,,0,,,,0.14,4866.80,
06/25/2025,"DIVIDEND RECEIVED as of Jun-23-2025 SHELL PLC SPON ADS EA REP 2 ORD SHS (SHEL) (Cash)",SHEL,"SHELL PLC SPON ADS EA REP 2 ORD SHS",Cash,0,,0.000,USD,,0,,,,0.19,4866.66,
06/25/2025,"DEBIT CARD PURCHASE POS1 SEPHORA PENTAG ARLINGTON VA06242524251315FF6JVW (Cash)",,"No Description",Cash,0,,0.000,USD,,0,,,,-33.92,4866.47,
06/25/2025,"DEBIT CARD PURCHASE POS0308 PAYPAL *PYPL P 8882211161 CA06242524251315FF6JVW (Cash)",,"No Description",Cash,0,,0.000,USD,,0,,,,-40.15,4900.39,
06/25/2025,"DEBIT CARD PURCHASE SONIC DRIVE IN #6711 MANASSAS VA06232524055245EB54BB (Cash)",,"No Description",Cash,0,,0.000,USD,,0,,,,-59.98,4940.54,
06/25/2025,"BILL PAYMENT VERIZON WIRELESS (Cash)", ,"No Description",Cash,0,,0.000,USD,,0,,,,-163,5000.52,
06/24/2025,"YOU BOUGHT ZILLOW GROUP INC CL C CAP STK (Z) (Cash)",Z,"ZILLOW GROUP INC CL C CAP STK",Cash,0,,0.626,USD,70.74,0,,,,-44.28,5163.52,06/25/2025
06/24/2025,"YOU SOLD ISHARES MORTGAGE REAL ESTATE ETF (REM) (Cash)",REM,"ISHARES MORTGAGE REAL ESTATE ETF",Cash,0,,-0.09,USD,21.2,0,,,,1.91,5207.80,06/25/2025
06/24/2025,"YOU SOLD ISHARES MORTGAGE REAL ESTATE ETF (REM) (Cash)",REM,"ISHARES MORTGAGE REAL ESTATE ETF",Cash,0,,-2,USD,21.2,0,,,,42.39,5205.89,06/25/2025
06/24/2025,"DEBIT CARD PURCHASE 7-ELEVEN 33714 MANASSAS PARK VA06222524034545D040SW (Cash)",,"No Description",Cash,0,,0.000,USD,,0,,,,-10.85,5163.50,
06/24/2025,"DEBIT CARD PURCHASE POS0308 PAYPAL *PYPL P 8882211161 CA06222524251315EF6JVW (Cash)",,"No Description",Cash,0,,0.000,USD,,0,,,,-41.98,5174.35,
06/24/2025,"DEBIT CARD PURCHASE CHIPOTLE MEX GR ONLINE https://prod. CA06222524431065E6PZYM (Cash)",,"No Description",Cash,0,,0.000,USD,,0,,,,-61.71,5216.33,
06/24/2025,"DEBIT CARD PURCHASE POS1 LOWE'S #39 MANASSAS VA06222524251315EF6JVW (Cash)",,"No Description",Cash,0,,0.000,USD,,0,,,,-132.47,5278.04,
06/23/2025,"YOU SOLD MONARCH CASINO & RESORT INC (MCRI) (Cash)",MCRI,"MONARCH CASINO & RESORT INC",Cash,0,,-0.519,USD,84.42,0,,,,43.81,5410.51,06/24/2025
06/23/2025,"YOU BOUGHT ALPHABET INC CAP STK CL A (GOOGL) (Cash)",GOOGL,"ALPHABET INC CAP STK CL A",Cash,0,,0.264,USD,165.58,0,,,,-43.71,5366.70,06/24/2025
06/23/2025,"DEBIT CARD PURCHASE MARKET@WORK 2067379149 RENTON WA06202524431055Q4TAK7 (Cash)",,"No Description",Cash,0,,0.000,USD,,0,,,,-2.58,5410.41,
06/23/2025,"DEBIT CARD PURCHASE MARKET@WORK 2067379149 RENTON WA06182524431055A4RD08 (Cash)",,"No Description",Cash,0,,0.000,USD,,0,,,,-2.58,5412.99,
06/23/2025,"DEBIT CARD PURCHASE MARKET@WORK 2067379149 RENTON WA06202524431055Q4TAK7 (Cash)",,"No Description",Cash,0,,0.000,USD,,0,,,,-7.4,5415.57,
06/23/2025,"DEBIT CARD PURCHASE Amazon.com*NO0MI1I02 Amzn.com/bill WA06202524692165B2YFNV (Cash)",,"No Description",Cash,0,,0.000,USD,,0,,,,-19.1,5422.97,
06/23/2025,"DEBIT CARD PURCHASE CLAUDE.AI SUBSCRIPTION ANTHROPIC.COM CA06202524011345Q2X4TH (Cash)",,"No Description",Cash,0,,0.000,USD,,0,,,,-20,5442.07,
06/23/2025,"DEBIT CARD PURCHASE AMAZON MKTPL*NO2MX7350 Amzn.com/bill WA06202524692165B2YFNX (Cash)",,"No Description",Cash,0,,0.000,USD,,0,,,,-34.97,5462.07,
06/23/2025,"TRANSFERRED TO VS Z23-693697-1 (Cash)", ,"No Description",Cash,0,,0.000,USD,,0,,,,-60.01,5497.04,
06/23/2025,"DEBIT CARD PURCHASE POS0012 UBER * EATS ubereats.com CA06192524251315BF6JVV (Cash)",,"No Description",Cash,0,,0.000,USD,,0,,,,-105.6,5557.05,
06/23/2025,"DEBIT CARD PURCHASE POS0308 PAYPAL *PYPL P 8882211161 CA06192524251315BF6JVV (Cash)",,"No Description",Cash,0,,0.000,USD,,0,,,,-164.34,5662.65,
06/20/2025,"REINVESTMENT ISHARES MORTGAGE REAL ESTATE ETF (REM) (Cash)",REM,"ISHARES MORTGAGE REAL ESTATE ETF",Cash,0,,0.052,USD,20.99,0,,,,-1.1,5826.99,
06/20/2025,"DIVIDEND RECEIVED ISHARES MORTGAGE REAL ESTATE ETF (REM) (Cash)",REM,"ISHARES MORTGAGE REAL ESTATE ETF",Cash,0,,0.000,USD,,0,,,,1.1,5828.09,
06/20/2025,"YOU SOLD PETROLEO BRASILEIRO SA PETROBRAS SPO... (PBR) (Cash)",PBR,"PETROLEO BRASILEIRO SA PETROBRAS SPON A",Cash,0,,-0.949,USD,13.12,0,,,,12.45,5826.99,06/23/2025
06/20/2025,"YOU SOLD PETROLEO BRASILEIRO SA PETROBRAS SPO... (PBR) (Cash)",PBR,"PETROLEO BRASILEIRO SA PETROBRAS SPON A",Cash,0,,-5,USD,13.12,0,,,,65.6,5814.54,06/23/2025
06/20/2025,"YOU BOUGHT FORTIS INC COM ISIN #CA3495531079 SE... (FTS) (Cash)",FTS,"FORTIS INC COM ISIN #CA3495531079 SEDOL",Cash,0,,0.255,USD,46.94,0,,,,-11.97,5748.94,06/23/2025
06/20/2025,"YOU BOUGHT AMERICA MOVIL SAB DE CV SPON ADS EAC... (AMX) (Cash)",AMX,"AMERICA MOVIL SAB DE CV SPON ADS EACH R",Cash,0,,0.618,USD,16.99,0,,,,-10.5,5760.91,06/23/2025
06/20/2025,"YOU BOUGHT ALPHABET INC CAP STK CL A (GOOGL) (Cash)",GOOGL,"ALPHABET INC CAP STK CL A",Cash,0,,0.328,USD,169.04,0,,,,-55.45,5771.41,06/23/2025
06/20/2025,"TRANSFERRED TO VS Z21-438083-1 (Cash)", ,"No Description",Cash,0,,0.000,USD,,0,,,,-11.5,5826.86,
06/20/2025,"TRANSFERRED TO VS Z24-733398-1 (Cash)", ,"No Description",Cash,0,,0.000,USD,,0,,,,-15,5838.36,
06/20/2025,"TRANSFERRED TO VS Z09-658794-1 (Cash)", ,"No Description",Cash,0,,0.000,USD,,0,,,,-16.5,5853.36,
06/20/2025,"DEBIT CARD PURCHASE GOOGLE *YouTubePremium g.co/helppay# CA0617252469216582Y6VB (Cash)",,"No Description",Cash,0,,0.000,USD,,0,,,,-22.99,5869.86,
06/20/2025,"DEBIT CARD PURCHASE Amazon.com*NA4WC2SZ0 Amzn.com/bill WA0617252469216582YT8K (Cash)",,"No Description",Cash,0,,0.000,USD,,0,,,,-28.48,5892.85,
06/20/2025,"DEBIT CARD PURCHASE Amazon.com*NO3DC1GO2 Amzn.com/bill WA0617252469216592YW0Z (Cash)",,"No Description",Cash,0,,0.000,USD,,0,,,,-28.56,5921.33,
06/20/2025,"TRANSFERRED TO VS Z23-693697-1 (Cash)", ,"No Description",Cash,0,,0.000,USD,,0,,,,-40,5949.89,
06/20/2025,"DEBIT CARD PURCHASE POS4208 PAYPAL *PYPL P San Jose CA061725242513159F6JVS (Cash)",,"No Description",Cash,0,,0.000,USD,,0,,,,-86.66,5989.89,
06/20/2025,"BILL PAYMENT PRINCE WILLIAM WATER (Cash)", ,"No Description",Cash,0,,0.000,USD,,0,,,,-143.5,6076.55,
06/18/2025,"DEBIT CARD PURCHASE Spotify P37C0248BE New York NY0617252438886582SH4P (Cash)",,"No Description",Cash,0,,0.000,USD,,0,,,,-19.99,6220.05,
06/18/2025,"TRANSFERRED TO VS Z23-693697-1 (Cash)", ,"No Description",Cash,0,,0.000,USD,,0,,,,-150,6240.04,
06/18/2025,"DIRECT DEPOSIT COM2 TREAS 3 FED SAL (Cash)", ,"No Description",Cash,0,,0.000,USD,,0,,,,4320.24,6390.04,
06/17/2025,"DEBIT CARD PURCHASE ENTIRELYDIGITAL COM 877-2423882 CD06152574924275686A8G (Cash)",,"No Description",Cash,0,,0.000,USD,,0,,,,-11,2069.80,
06/17/2025,"DEBIT CARD PURCHASE Amazon.com*NA41G2YD2 Amzn.com/bill WA061525246921656360YF (Cash)",,"No Description",Cash,0,,0.000,USD,,0,,,,-21.52,2080.80,
06/17/2025,"DEBIT CARD PURCHASE POS0000 AMAZON.COM*NO4 SEATTLE WA061525242513157F6JVS (Cash)",,"No Description",Cash,0,,0.000,USD,,0,,,,-29.69,2102.32,
06/17/2025,"TRANSFERRED TO VS Z23-693697-1 (Cash)", ,"No Description",Cash,0,,0.000,USD,,0,,,,-49.49,2132.01,
06/17/2025,"DEBIT CARD PURCHASE GIANT LANDOVER #239 MANASSAS VA06142524692165635PNA (Cash)",,"No Description",Cash,0,,0.000,USD,,0,,,,-62,2181.50,
06/17/2025,"DEBIT CARD PURCHASE POS1 LOWE'S #39 MANASSAS VA061425242513157F6JVS (Cash)",,"No Description",Cash,0,,0.000,USD,,0,,,,-63.58,2243.50,
06/17/2025,"DEBIT CARD PURCHASE AMAZON MKTPL*NA7QQ8021 Amzn.com/bill WA061525246921656360D5 (Cash)",,"No Description",Cash,0,,0.000,USD,,0,,,,-66.56,2307.08,
06/17/2025,"DEBIT CARD PURCHASE LOWES #00397* MANASSAS VA06152524692165636D8B (Cash)",,"No Description",Cash,0,,0.000,USD,,0,,,,-113.23,2373.64,
06/17/2025,"DEBIT CARD RETURN LOWES #00397* MANASSAS VA06152574692165636D8B (Cash)",,"No Description",Cash,0,,0.000,USD,,0,,,,63.58,2486.87,
06/16/2025,"REINVESTMENT NEXTERA ENERGY INC COM USD0.01 (NEE) (Cash)",NEE,"NEXTERA ENERGY INC COM USD0.01",Cash,0,,0.006,USD,74.12,0,,,,-0.43,2423.29,
06/16/2025,"DIVIDEND RECEIVED NEXTERA ENERGY INC COM USD0.01 (NEE) (Cash)",NEE,"NEXTERA ENERGY INC COM USD0.01",Cash,0,,0.000,USD,,0,,,,0.43,2423.72,
06/16/2025,"REINVESTMENT as of Jun-15-2025 MONARCH CASINO & RESORT INC (MCRI) (Cash)",MCRI,"MONARCH CASINO & RESORT INC",Cash,0,,0.005,USD,84.28,0,,,,-0.42,2423.29,
06/16/2025,"DIVIDEND RECEIVED as of Jun-15-2025 MONARCH CASINO & RESORT INC (MCRI) (Cash)",MCRI,"MONARCH CASINO & RESORT INC",Cash,0,,0.000,USD,,0,,,,0.42,2423.71,
06/16/2025,"REINVESTMENT FIRST AMERICAN FINANCIAL CORP (FAF) (Cash)",FAF,"FIRST AMERICAN FINANCIAL CORP",Cash,0,,0.017,USD,59.38,0,,,,-0.99,2423.29,
06/16/2025,"DIVIDEND RECEIVED FIRST AMERICAN FINANCIAL CORP (FAF) (Cash)",FAF,"FIRST AMERICAN FINANCIAL CORP",Cash,0,,0.000,USD,,0,,,,0.99,2424.28,
06/16/2025,"YOU SOLD ASML HOLDING NV EUR0.09 NY REGISTRY ... (ASML) (Cash)",ASML,"ASML HOLDING NV EUR0.09 NY REGISTRY SHS",Cash,0,,-0.016,USD,777.95,0,,,,12.45,2423.29,06/17/2025
06/16/2025,"DEBIT CARD PURCHASE PP*APPLE.COM/BILL 402-935-7733 CA061325240363854231P1 (Cash)",,"No Description",Cash,0,,0.000,USD,,0,,,,-0.99,2410.84,
06/16/2025,"DEBIT CARD PURCHASE Patreon* Membership Internet CA06132524388865400FJ4 (Cash)",,"No Description",Cash,0,,0.000,USD,,0,,,,-5,2411.83,
06/16/2025,"TRANSFERRED TO VS 239-574793-1 CURRENT CONTRIBUTION (Cash)", ,"No Description",Cash,0,,0.000,USD,,0,,,,-12.45,2416.83,
06/16/2025,"DEBIT CARD PURCHASE NETFLIX.COM NETFLIX.COM CA06122524692165333HW5 (Cash)",,"No Description",Cash,0,,0.000,USD,,0,,,,-17.99,2429.28,
06/16/2025,"DEBIT CARD PURCHASE AMAZON MKTPL*NA0BC39H2 Amzn.com/bill WA0614252469216553566F (Cash)",,"No Description",Cash,0,,0.000,USD,,0,,,,-33.88,2447.27,
06/16/2025,"TRANSFERRED TO VS Z23-693697-1 (Cash)", ,"No Description",Cash,0,,0.000,USD,,0,,,,-39,2481.15,
06/16/2025,"DEBIT CARD PURCHASE PIZZA HUT 37448 https://ipcha VA0614252494300556JMP0 (Cash)",,"No Description",Cash,0,,0.000,USD,,0,,,,-75.62,2520.15,
06/13/2025,"REINVESTMENT UNITED STS LIME &MINERALS INC COM (USLM) (Cash)",USLM,"UNITED STS LIME &MINERALS INC COM",Cash,0,,0.001,USD,101.41,0,,,,-0.13,2595.77,
06/13/2025,"DIVIDEND RECEIVED UNITED STS LIME &MINERALS INC COM (USLM) (Cash)",USLM,"UNITED STS LIME &MINERALS INC COM",Cash,0,,0.000,USD,,0,,,,0.13,2595.90,
06/13/2025,"DEBIT CARD PURCHASE PLEXINC*PASS MONTHLY PLEX.TV CA061125241164152LPFK0 (Cash)",,"No Description",Cash,0,,0.000,USD,,0,,,,-6.99,2595.77,
06/13/2025,"DEBIT CARD PURCHASE MARKET@WORK 2067379149 RENTON WA0610252443105524LTQZ (Cash)",,"No Description",Cash,0,,0.000,USD,,0,,,,-7.86,2602.76,
06/13/2025,"DEBIT CARD PURCHASE CURSOR, AI POWERED IDE CURSOR.COM NY0612252401134532X5TF (Cash)",,"No Description",Cash,0,,0.000,USD,,0,,,,-20,2610.62,
06/13/2025,"BILL PAYMENT WELLS FARGO AUTO GROUP (Cash)", ,"No Description",Cash,0,,0.000,USD,,0,,,,-933,2630.62,
06/12/2025,"REINVESTMENT RESMED INC (RMD) (Cash)",RMD,"RESMED INC",Cash,0,,0.001,USD,252.26,0,,,,-0.21,3563.62,
06/12/2025,"DIVIDEND RECEIVED RESMED INC (RMD) (Cash)",RMD,"RESMED INC",Cash,0,,0.000,USD,,0,,,,0.21,3563.83,
06/12/2025,"DEBIT CARD PURCHASE MARKET@WORK 2067379149 RENTON WA0609252443105514LA7G (Cash)",,"No Description",Cash,0,,0.000,USD,,0,,,,-2.58,3563.62,
06/12/2025,"DEBIT CARD PURCHASE Amazon.com*NH79V1VB0 Amzn.com/bill WA06102524692165131RQF (Cash)",,"No Description",Cash,0,,0.000,USD,,0,,,,-5.99,3566.20,
06/12/2025,"DEBIT CARD PURCHASE OTT* SOFTWHITEUNDERBEL SOFTWHITEUNDE CA0610252406466522X48B (Cash)",,"No Description",Cash,0,,0.000,USD,,0,,,,-10,3572.19,
06/12/2025,"TRANSFERRED TO VS Z23-693697-1 (Cash)", ,"No Description",Cash,0,,0.000,USD,,0,,,,-45,3582.19,
06/12/2025,"DEBIT CARD PURCHASE AMAZON MKTPL*NA86D7Z42 Amzn.com/bill WA06102524692165131R5Y (Cash)",,"No Description",Cash,0,,0.000,USD,,0,,,,-73.19,3627.19,
06/11/2025,"TRANSFERRED TO TRANSFER (Cash)", ,"No Description",Cash,0,,0.000,USD,,0,,,,-50,3700.38,
06/10/2025,"YOU SOLD VANECK ETF TR FALLEN ANGEL HIGH YLD ... (ANGL) (Cash)",ANGL,"VANECK ETF TR FALLEN ANGEL HIGH YLD BD ",Cash,0,,-0.251,USD,28.77,0,,,,7.22,3750.38,06/11/2025
06/10/2025,"YOU SOLD VANECK ETF TR FALLEN ANGEL HIGH YLD ... (ANGL) (Cash)",ANGL,"VANECK ETF TR FALLEN ANGEL HIGH YLD BD ",Cash,0,,-1,USD,28.76,0,,,,28.76,3743.16,06/11/2025
06/10/2025,"YOU BOUGHT UNITED STS LIME &MINERALS INC COM (USLM) (Cash)",USLM,"UNITED STS LIME &MINERALS INC COM",Cash,0,,0.166,USD,102.16,0,,,,-16.96,3714.40,06/11/2025
06/10/2025,"YOU SOLD SILICON MOTION TECHNO ADR REP 4 ORD (SIMO) (Cash)",SIMO,"SILICON MOTION TECHNO ADR REP 4 ORD",Cash,0,,-0.51,USD,67.38,0,,,,34.36,3731.36,06/11/2025
06/10/2025,"YOU BOUGHT SHERWIN-WILLIAMS CO (SHW) (Cash)",SHW,"SHERWIN-WILLIAMS CO",Cash,0,,0.019,USD,357.04,0,,,,-6.78,3697.00,06/11/2025
06/10/2025,"YOU SOLD SPDR BLOOMBERG SHORT TERM HIGH YIELD... (SJNK) (Cash)",SJNK,"SPDR BLOOMBERG SHORT TERM HIGH YIELD BO",Cash,0,,-0.596,USD,25.17,0,,,,15,3703.78,06/11/2025
06/10/2025,"YOU BOUGHT QUEST DIAGNOSTICS INC COM USD0.01 (DGX) (Cash)",DGX,"QUEST DIAGNOSTICS INC COM USD0.01",Cash,0,,0.045,USD,177.28,0,,,,-7.98,3688.78,06/11/2025
06/10/2025,"YOU SOLD FLEXSHARES CREDIT-SCORED US LONG COR... (LKOR) (Cash)",LKOR,"FLEXSHARES CREDIT-SCORED US LONG CORP B",Cash,0,,-0.459,USD,41.31,0,,,,18.96,3696.76,06/11/2025
06/10/2025,"YOU SOLD ENTRAVISION COMMUNICATIONS CORP (EVC) (Cash)",EVC,"ENTRAVISION COMMUNICATIONS CORP",Cash,0,,-0.338,USD,2.24,0,,,,0.76,3677.80,06/11/2025
06/10/2025,"YOU SOLD ENTRAVISION COMMUNICATIONS CORP (EVC) (Cash)",EVC,"ENTRAVISION COMMUNICATIONS CORP",Cash,0,,-14,USD,2.24,0,,,,31.36,3677.04,06/11/2025
06/10/2025,"YOU BOUGHT CONAGRA BRANDS INC (CAG) (Cash)",CAG,"CONAGRA BRANDS INC",Cash,0,,3,USD,22.37,0,,,,-67.11,3645.68,06/11/2025
06/10/2025,"YOU BOUGHT CONAGRA BRANDS INC (CAG) (Cash)",CAG,"CONAGRA BRANDS INC",Cash,0,,0.129,USD,22.37,0,,,,-2.89,3712.79,06/11/2025
06/10/2025,"YOU BOUGHT CARRIER GLOBAL CORPORATION COM (CARR) (Cash)",CARR,"CARRIER GLOBAL CORPORATION COM",Cash,0,,0.483,USD,71.89,0,,,,-34.72,3715.68,06/11/2025
06/10/2025,"TRANSFERRED TO VS Z23-693697-1 (Cash)", ,"No Description",Cash,0,,0.000,USD,,0,,,,-800,3750.40,
06/09/2025,"DEBIT CARD PURCHASE MARKET@WORK 2067379149 RENTON WA06052524431054X4JK0Q (Cash)",,"No Description",Cash,0,,0.000,USD,,0,,,,-2.58,4550.40,
06/09/2025,"DEBIT CARD PURCHASE MARKET@WORK 2067379149 RENTON WA06062524431054Y4K24S (Cash)",,"No Description",Cash,0,,0.000,USD,,0,,,,-2.58,4552.98,
06/09/2025,"TRANSFERRED TO TRANSFER (Cash)", ,"No Description",Cash,0,,0.000,USD,,0,,,,-8.76,4555.56,
06/09/2025,"DEBIT CARD PURCHASE Amazon.com*NH7CP6BW2 Amzn.com/bill WA06072524692164Y2Z47Q (Cash)",,"No Description",Cash,0,,0.000,USD,,0,,,,-9.39,4564.32,
06/09/2025,"DEBIT CARD PURCHASE Amazon.com*N68PM1IO0 Amzn.com/bill WA06072524692164Y2Z55L (Cash)",,"No Description",Cash,0,,0.000,USD,,0,,,,-9.39,4573.71,
06/09/2025,"DEBIT CARD PURCHASE Amazon.com*NH3O32BX2 Amzn.com/bill WA06072524692164Y2Z55L (Cash)",,"No Description",Cash,0,,0.000,USD,,0,,,,-9.39,4583.10,
06/09/2025,"DEBIT CARD PURCHASE CURSOR USAGE MAY CURSOR.COM NY06062524011344X2X5F2 (Cash)",,"No Description",Cash,0,,0.000,USD,,0,,,,-10.1,4592.49,
06/09/2025,"DEBIT CARD PURCHASE POS0308 PAYPAL *PYPL P 8882211161 CA06062524251314XF6JVN (Cash)",,"No Description",Cash,0,,0.000,USD,,0,,,,-41.97,4602.59,
06/09/2025,"DEBIT CARD PURCHASE PIZZA BOLI'S 703-335-2000 VA06062524765014YAKZ9R (Cash)",,"No Description",Cash,0,,0.000,USD,,0,,,,-70.05,4644.56,
06/06/2025,"DIVIDEND RECEIVED VULCAN MATERIALS CO (VMC) (Cash)",VMC,"VULCAN MATERIALS CO",Cash,0,,0.000,USD,,0,,,,0.04,4714.61,
06/06/2025,"REINVESTMENT FLEXSHARES CREDIT-SCORED US LONG COR... (LKOR) (Cash)",LKOR,"FLEXSHARES CREDIT-SCORED US LONG CORP B",Cash,0,,0.023,USD,41.57,0,,,,-0.96,4714.57,
06/06/2025,"DIVIDEND RECEIVED FLEXSHARES CREDIT-SCORED US LONG COR... (LKOR) (Cash)",LKOR,"FLEXSHARES CREDIT-SCORED US LONG CORP B",Cash,0,,0.000,USD,,0,,,,0.96,4715.53,
06/06/2025,"REINVESTMENT FLEXSHARES IBOXX 5-YEAR TARG (TDTF) (Cash)",TDTF,"FLEXSHARES IBOXX 5-YEAR TARG",Cash,0,,0.011,USD,23.8,0,,,,-0.27,4714.57,
06/06/2025,"DIVIDEND RECEIVED FLEXSHARES IBOXX 5-YEAR TARG (TDTF) (Cash)",TDTF,"FLEXSHARES IBOXX 5-YEAR TARG",Cash,0,,0.000,USD,,0,,,,0.27,4714.84,
06/06/2025,"DEBIT CARD PURCHASE MARKET@WORK 2067379149 RENTON WA06032524431054V4HM1Y (Cash)",,"No Description",Cash,0,,0.000,USD,,0,,,,-9.98,4714.57,
06/06/2025,"TRANSFERRED TO VS Z24-733398-1 (Cash)", ,"No Description",Cash,0,,0.000,USD,,0,,,,-14.99,4724.55,
06/06/2025,"TRANSFERRED TO VS Z23-693697-1 (Cash)", ,"No Description",Cash,0,,0.000,USD,,0,,,,-39.99,4739.54,
06/06/2025,"BILL PAYMENT NOVEC (Cash)", ,"No Description",Cash,0,,0.000,USD,,0,,,,-115.64,4779.53,
06/06/2025,"BILL PAYMENT NOVEC (Cash)", ,"No Description",Cash,0,,0.000,USD,,0,,,,-165.73,4895.17,
06/05/2025,"REINVESTMENT VANECK ETF TR FALLEN ANGEL HIGH YLD ... (ANGL) (Cash)",ANGL,"VANECK ETF TR FALLEN ANGEL HIGH YLD BD ",Cash,0,,0.047,USD,28.67,0,,,,-1.35,5060.90,
06/05/2025,"DIVIDEND RECEIVED VANECK ETF TR FALLEN ANGEL HIGH YLD ... (ANGL) (Cash)",ANGL,"VANECK ETF TR FALLEN ANGEL HIGH YLD BD ",Cash,0,,0.000,USD,,0,,,,1.35,5062.25,
06/05/2025,"REINVESTMENT SPDR BLOOMBERG SHORT TERM HIGH YIELD... (SJNK) (Cash)",SJNK,"SPDR BLOOMBERG SHORT TERM HIGH YIELD BO",Cash,0,,0.035,USD,25.17,0,,,,-0.87,5060.90,
06/05/2025,"DIVIDEND RECEIVED SPDR BLOOMBERG SHORT TERM HIGH YIELD... (SJNK) (Cash)",SJNK,"SPDR BLOOMBERG SHORT TERM HIGH YIELD BO",Cash,0,,0.000,USD,,0,,,,0.87,5061.77,
06/05/2025,"DEBIT CARD PURCHASE MARKET@WORK 2067379149 RENTON WA06022524431054S4H6DM (Cash)",,"No Description",Cash,0,,0.000,USD,,0,,,,-5.16,5060.90,
06/05/2025,"DEBIT CARD PURCHASE MARKET@WORK 2067379149 RENTON WA06022524431054S4H6DM (Cash)",,"No Description",Cash,0,,0.000,USD,,0,,,,-7.86,5066.06,
06/05/2025,"DEBIT CARD PURCHASE UBER *ONE MEMBERSHIP UBER.COM/BILL CA06042524036294VLPDJT (Cash)",,"No Description",Cash,0,,0.000,USD,,0,,,,-9.99,5073.92,
06/05/2025,"DEBIT CARD PURCHASE POS4208 PAYPAL *PYPL P San Jose CA06032524251314VF6JVN (Cash)",,"No Description",Cash,0,,0.000,USD,,0,,,,-164.34,5083.91,
06/05/2025,"BILL PAYMENT SELECT PORTFOLIO SERVIC (Cash)", ,"No Description",Cash,0,,0.000,USD,,0,,,,-1500,5248.25,
06/05/2025,"DIRECT DEPOSIT COM2 TREAS 3 FED SAL (Cash)", ,"No Description",Cash,0,,0.000,USD,,0,,,,4320.24,6748.25,
06/04/2025,"REINVESTMENT VANGUARD SCOTTSDALE FDS VANGUARD SHO... (VCSH) (Cash)",VCSH,"VANGUARD SCOTTSDALE FDS VANGUARD SHORT-",Cash,0,,0.001,USD,78.74,0,,,,-0.09,2428.01,
06/04/2025,"DIVIDEND RECEIVED VANGUARD SCOTTSDALE FDS VANGUARD SHO... (VCSH) (Cash)",VCSH,"VANGUARD SCOTTSDALE FDS VANGUARD SHORT-",Cash,0,,0.000,USD,,0,,,,0.09,2428.10,
06/04/2025,"DIVIDEND RECEIVED VANGUARD CHARLOTTE FDS TOTAL INTL BD ETF (BNDX) (Cash)",BNDX,"VANGUARD CHARLOTTE FDS TOTAL INTL BD ETF",Cash,0,,0.000,USD,,0,,,,0.28,2428.01,
06/04/2025,"REINVESTMENT J P MORGAN EXCHANGE TRADED FD INTL B... (JPIB) (Cash)",JPIB,"J P MORGAN EXCHANGE TRADED FD INTL BD O",Cash,0,,0.006,USD,48.04,0,,,,-0.3,2427.73,
06/04/2025,"DIVIDEND RECEIVED J P MORGAN EXCHANGE TRADED FD INTL B... (JPIB) (Cash)",JPIB,"J P MORGAN EXCHANGE TRADED FD INTL BD O",Cash,0,,0.000,USD,,0,,,,0.3,2428.03,
06/04/2025,"REINVESTMENT as of Jun-01-2025 FORTIS INC COM ISIN #CA3495531079 SE... (FTS) (Cash)",FTS,"FORTIS INC COM ISIN #CA3495531079 SEDOL",Cash,0,,0.017,USD,48.52,0,,,,-0.84,2427.73,
06/04/2025,"FOREIGN TAX PAID as of Jun-01-2025 FORTIS INC COM ISIN #CA3495531079 SE... (FTS) (Cash)",FTS,"FORTIS INC COM ISIN #CA3495531079 SEDOL",Cash,0,,0.000,USD,,0,,,,-0.15,2428.57,
06/04/2025,"DIVIDEND RECEIVED as of Jun-01-2025 FORTIS INC COM ISIN #CA3495531079 SE... (FTS) (Cash)",FTS,"FORTIS INC COM ISIN #CA3495531079 SEDOL",Cash,0,,0.000,USD,,0,,,,0.99,2428.72,
06/04/2025,"DEBIT CARD PURCHASE 7-ELEVEN 10634 MANASSAS VA06012524034544T007FE (Cash)",,"No Description",Cash,0,,0.000,USD,,0,,,,-4.54,2427.73,
06/04/2025,"DEBIT CARD PURCHASE Amazon.com*N667P6331 AMZN.COM/BILL WA06022524692164T34DZS (Cash)",,"No Description",Cash,0,,0.000,USD,,0,,,,-7.32,2432.27,
06/04/2025,"DEBIT CARD PURCHASE Amazon.com*NN9R85YU0 AMZN.COM/BILL WA06022524692164T341Y7 (Cash)",,"No Description",Cash,0,,0.000,USD,,0,,,,-9.1,2439.59,
06/04/2025,"DEBIT CARD PURCHASE Amazon web services aws.amazon.co WA06022524692164T34BZQ (Cash)",,"No Description",Cash,0,,0.000,USD,,0,,,,-17.34,2448.69,
06/04/2025,"DEBIT CARD PURCHASE Amazon.com*N642C7J51 Amzn.com/bill WA06022524692164T34GE3 (Cash)",,"No Description",Cash,0,,0.000,USD,,0,,,,-57.56,2466.03,
06/04/2025,"TRANSFERRED TO VS Z23-693697-1 (Cash)", ,"No Description",Cash,0,,0.000,USD,,0,,,,-65,2523.59,
06/03/2025,"YOU SOLD ULTA BEAUTY INC COM (ULTA) (Cash)",ULTA,"ULTA BEAUTY INC COM",Cash,0,,-0.037,USD,476.65,0,,,,17.64,2588.59,06/04/2025
06/03/2025,"DEBIT CARD PURCHASE MARKET@WORK 2067379149 RENTON WA05302524431054P4FYV6 (Cash)",,"No Description",Cash,0,,0.000,USD,,0,,,,-2.58,2570.95,
06/03/2025,"TRANSFERRED TO VS Z24-733398-1 (Cash)", ,"No Description",Cash,0,,0.000,USD,,0,,,,-10,2573.53,
06/03/2025,"TRANSFERRED TO VS 239-574793-1 CURRENT CONTRIBUTION (Cash)", ,"No Description",Cash,0,,0.000,USD,,0,,,,-17.64,2583.53,
06/03/2025,"CASH ADVANCE ATM0006 7800 CENTREVIL MANASSAS VA06012574251314T06GSW (Cash)",,"No Description",Cash,0,,0.000,USD,,0,,,,-60,2601.17,
06/03/2025,"DEBIT CARD PURCHASE PAYPAL *Roetto Michael Visa Direct CA06012524248184R00365 (Cash)",,"No Description",Cash,0,,0.000,USD,,0,,,,-200,2661.17,
06/02/2025,"REINVESTMENT PHILLIPS 66 (PSX) (Cash)",PSX,"PHILLIPS 66",Cash,0,,0.002,USD,113.99,0,,,,-0.18,2861.17,
06/02/2025,"DIVIDEND RECEIVED PHILLIPS 66 (PSX) (Cash)",PSX,"PHILLIPS 66",Cash,0,,0.000,USD,,0,,,,0.18,2861.35,
06/02/2025,"REINVESTMENT NEXSTAR MEDIA GROUP INC COMMON STOCK (NXST) (Cash)",NXST,"NEXSTAR MEDIA GROUP INC COMMON STOCK",Cash,0,,0.003,USD,169.94,0,,,,-0.47,2861.17,
06/02/2025,"DIVIDEND RECEIVED NEXSTAR MEDIA GROUP INC COMMON STOCK (NXST) (Cash)",NXST,"NEXSTAR MEDIA GROUP INC COMMON STOCK",Cash,0,,0.000,USD,,0,,,,0.47,2861.64,
06/02/2025,"YOU SOLD VANGUARD CHARLOTTE FDS TOTAL INTL BD ETF (BNDX) (Cash)",BNDX,"VANGUARD CHARLOTTE FDS TOTAL INTL BD ETF",Cash,0,,-0.618,USD,49.31,0,,,,30.47,2861.17,06/03/2025
06/02/2025,"YOU SOLD VANGUARD CHARLOTTE FDS TOTAL INTL BD ETF (BNDX) (Cash)",BNDX,"VANGUARD CHARLOTTE FDS TOTAL INTL BD ETF",Cash,0,,-2,USD,49.31,0,,,,98.62,2830.70,06/03/2025
06/02/2025,"YOU BOUGHT VANECK ETF TR FALLEN ANGEL HIGH YLD ... (ANGL) (Cash)",ANGL,"VANECK ETF TR FALLEN ANGEL HIGH YLD BD ",Cash,0,,4,USD,28.48,0,,,,-113.94,2732.08,06/03/2025
06/02/2025,"YOU BOUGHT SPDR BLOOMBERG SHORT TERM HIGH YIELD... (SJNK) (Cash)",SJNK,"SPDR BLOOMBERG SHORT TERM HIGH YIELD BO",Cash,0,,0.638,USD,25.06,0,,,,-15.99,2846.02,06/03/2025
06/02/2025,"DEBIT CARD PURCHASE MARKET@WORK 2067379149 RENTON WA05292524431054N4FG26 (Cash)",,"No Description",Cash,0,,0.000,USD,,0,,,,-2.58,2862.01,
06/02/2025,"DEBIT CARD PURCHASE MARKET@WORK 2067379149 RENTON WA05282524431054M4F1V9 (Cash)",,"No Description",Cash,0,,0.000,USD,,0,,,,-2.58,2864.59,
06/02/2025,"TRANSFERRED TO VS Z21-990055-1 (Cash)", ,"No Description",Cash,0,,0.000,USD,,0,,,,-10,2867.17,
06/02/2025,"TRANSFERRED TO VS Z28-391843-1 (Cash)", ,"No Description",Cash,0,,0.000,USD,,0,,,,-11.71,2877.17,
06/02/2025,"TRANSFERRED TO VS Z24-733398-1 (Cash)", ,"No Description",Cash,0,,0.000,USD,,0,,,,-12.34,2888.88,
06/02/2025,"TRANSFERRED TO VS Z21-990055-1 (Cash)", ,"No Description",Cash,0,,0.000,USD,,0,,,,-25,2901.22,
06/02/2025,"TRANSFERRED TO VS Z23-693697-1 (Cash)", ,"No Description",Cash,0,,0.000,USD,,0,,,,-56.78,2926.22,
06/02/2025,"TRANSFERRED TO VS Z23-693697-1 (Cash)", ,"No Description",Cash,0,,0.000,USD,,0,,,,-832,2983.00,
05/30/2025,"REINVESTMENT TAITRON COMPONENTS INC (TAIT) (Cash)",TAIT,"TAITRON COMPONENTS INC",Cash,0,,0.485,USD,2.27,0,,,,-1.1,3815.00,
05/30/2025,"DIVIDEND RECEIVED TAITRON COMPONENTS INC (TAIT) (Cash)",TAIT,"TAITRON COMPONENTS INC",Cash,0,,0.000,USD,,0,,,,1.1,3816.10,
05/30/2025,"REINVESTMENT as of May-28-2025 PETROLEO BRASILEIRO SA PETROBRAS SPO... (PBR) (Cash)",PBR,"PETROLEO BRASILEIRO SA PETROBRAS SPON A",Cash,0,,0.134,USD,11.71,0,,,,-1.57,3815.00,
05/30/2025,"REINVESTMENT as of May-28-2025 PETROLEO BRASILEIRO SA PETROBRAS SPO... (PBR) (Cash)",PBR,"PETROLEO BRASILEIRO SA PETROBRAS SPON A",Cash,0,,0.001,USD,11.71,0,,,,-0.01,3816.57,
05/30/2025,"REINVESTMENT MGP INGREDIENTS INC (MGPI) (Cash)",MGPI,"MGP INGREDIENTS INC",Cash,0,,0.002,USD,30.16,0,,,,-0.05,3816.58,
05/30/2025,"DIVIDEND RECEIVED MGP INGREDIENTS INC (MGPI) (Cash)",MGPI,"MGP INGREDIENTS INC",Cash,0,,0.000,USD,,0,,,,0.05,3816.63,
05/30/2025,"DIVIDEND RECEIVED IRADIMED CORP (IRMD) (Cash)",IRMD,"IRADIMED CORP",Cash,0,,0.000,USD,,0,,,,0.25,3816.58,
05/30/2025,"REINVESTMENT FID L/T TREASURY BOND INDEX FUND (FNBGX) (Cash)",FNBGX,"FID L/T TREASURY BOND INDEX FUND",Cash,0,,0.061,USD,9.09,0,,,,-0.55,3816.33,
05/30/2025,"DIVIDEND RECEIVED FID L/T TREASURY BOND INDEX FUND (FNBGX) (Cash)",FNBGX,"FID L/T TREASURY BOND INDEX FUND",Cash,0,,0.000,USD,,0,,,,0.55,3816.88,
05/30/2025,"DIVIDEND RECEIVED FIDELITY GOVERNMENT MONEY MARKET (SPAXX) (Cash)",SPAXX,"FIDELITY GOVERNMENT MONEY MARKET",Cash,0,,0.000,USD,,0,,,,11.71,3816.33,
05/30/2025,"REINVESTMENT FIDELITY CAPITAL & INCOME (FAGIX) (Cash)",FAGIX,"FIDELITY CAPITAL & INCOME",Cash,0,,0.039,USD,10.18,0,,,,-0.4,3804.62,
05/30/2025,"DIVIDEND RECEIVED FIDELITY CAPITAL & INCOME (FAGIX) (Cash)",FAGIX,"FIDELITY CAPITAL & INCOME",Cash,0,,0.000,USD,,0,,,,0.4,3805.02,
05/30/2025,"FOREIGN TAX PAID as of May-28-2025 PETROLEO BRASILEIRO SA PETROBRAS SPO... (PBR) (Cash)",PBR,"PETROLEO BRASILEIRO SA PETROBRAS SPON A",Cash,0,,0.000,USD,,0,,,,-0.01,3804.62,
05/30/2025,"FEE CHARGED as of May-28-2025 PETROLEO BRASILEIRO SA PETROBRAS SPO... (PBR) (Cash)",PBR,"PETROLEO BRASILEIRO SA PETROBRAS SPON A",Cash,0,,0.000,USD,,0,,,,-0.06,3804.63,
05/30/2025,"DIVIDEND RECEIVED as of May-28-2025 PETROLEO BRASILEIRO SA PETROBRAS SPO... (PBR) (Cash)",PBR,"PETROLEO BRASILEIRO SA PETROBRAS SPON A",Cash,0,,0.000,USD,,0,,,,0.08,3804.69,
05/30/2025,"DIVIDEND RECEIVED as of May-28-2025 PETROLEO BRASILEIRO SA PETROBRAS SPO... (PBR) (Cash)",PBR,"PETROLEO BRASILEIRO SA PETROBRAS SPON A",Cash,0,,0.000,USD,,0,,,,1.57,3804.61,
05/30/2025,"DEBIT CARD PURCHASE MARKET@WORK 2067379149 RENTON WA05272524431054L4EKBT (Cash)",,"No Description",Cash,0,,0.000,USD,,0,,,,-5.22,3803.04,
05/30/2025,"TRANSFERRED TO VS Z24-733398-1 (Cash)", ,"No Description",Cash,0,,0.000,USD,,0,,,,-14,3808.26,
05/30/2025,"TRANSFERRED TO VS Z28-391843 REDEMPTION (Cash)", ,"No Description",Cash,0,,0.000,USD,,0,,,,-33,3822.26,
05/30/2025,"TRANSFERRED TO VS Z23-693697-1 (Cash)", ,"No Description",Cash,0,,0.000,USD,,0,,,,-35,3855.26,
05/30/2025,"DEBIT CARD PURCHASE AMAZON MKTPL*NN13B3AK0 Amzn.com/bill WA05282524692164L30BLX (Cash)",,"No Description",Cash,0,,0.000,USD,,0,,,,-36.02,3890.26,
05/30/2025,"TRANSFERRED TO VS Z23-693697-1 (Cash)", ,"No Description",Cash,0,,0.000,USD,,0,,,,-45,3926.28,
05/29/2025,"REINVESTMENT CONAGRA BRANDS INC (CAG) (Cash)",CAG,"CONAGRA BRANDS INC",Cash,0,,0.007,USD,22.84,0,,,,-0.17,3971.28,
05/29/2025,"DIVIDEND RECEIVED CONAGRA BRANDS INC (CAG) (Cash)",CAG,"CONAGRA BRANDS INC",Cash,0,,0.000,USD,,0,,,,0.17,3971.45,
05/29/2025,"DIRECT DEBIT STATE FARM RO SFPP (Cash)", ,"No Description",Cash,0,,0.000,USD,,0,,,,-281.99,3971.28,
05/28/2025,"YOU BOUGHT L OREAL UNSPON ADR EACH REP 0.2 ORD SHS (LRLCY) (Cash)",LRLCY,"L OREAL UNSPON ADR EACH REP 0.2 ORD SHS",Cash,0,,1,USD,82.99,0,,0.33,,-83.32,4253.27,05/29/2025
05/28/2025,"YOU SOLD BROADCOM INC COM (AVGO) (Cash)",AVGO,"BROADCOM INC COM",Cash,0,,-0.318,USD,237.32,0,,,,75.47,4336.59,05/29/2025
05/28/2025,"DEBIT CARD PURCHASE POS4UKU ELITE MART CIT MANASSAS PAR VA05242524251314KF6JVK (Cash)",,"No Description",Cash,0,,0.000,USD,,0,,,,-69.39,4261.12,
05/28/2025,"DEBIT CARD PURCHASE AMAZON MKTPL*NZ5H979Q0 Amzn.com/bill WA05262524692164J2Y9PP (Cash)",,"No Description",Cash,0,,0.000,USD,,0,,,,-83.97,4330.51,
05/28/2025,"TRANSFERRED TO VS Z23-693697-1 (Cash)", ,"No Description",Cash,0,,0.000,USD,,0,,,,-105,4414.48,
05/28/2025,"BILL PAYMENT VERIZON WIRELESS (Cash)", ,"No Description",Cash,0,,0.000,USD,,0,,,,-482.64,4519.48,
05/27/2025,"REINVESTMENT as of May-22-2025 SILICON MOTION TECHNO ADR REP 4 ORD (SIMO) (Cash)",SIMO,"SILICON MOTION TECHNO ADR REP 4 ORD",Cash,0,,0.004,USD,64.04,0,,,,-0.25,5002.12,
05/27/2025,"DIVIDEND RECEIVED as of May-22-2025 SILICON MOTION TECHNO ADR REP 4 ORD (SIMO) (Cash)",SIMO,"SILICON MOTION TECHNO ADR REP 4 ORD",Cash,0,,0.000,USD,,0,,,,0.25,5002.37,
05/27/2025,"DEBIT CARD PURCHASE EXXON RAJ OIL COMPANY MANASSAS PARK VA05242524692164H2XDGE (Cash)",,"No Description",Cash,0,,0.000,USD,,0,,,,-5.29,5002.12,
05/27/2025,"DEBIT CARD PURCHASE MARKET@WORK 2067379149 RENTON WA05212524431054E4Q4QJ (Cash)",,"No Description",Cash,0,,0.000,USD,,0,,,,-11.57,5007.41,
05/27/2025,"DEBIT CARD PURCHASE HOMETOWN TICKETING, IN 866-488-4849 OH05242524036294GMMPND (Cash)",,"No Description",Cash,0,,0.000,USD,,0,,,,-16.25,5018.98,
05/27/2025,"TRANSFERRED TO VS Z23-693697-1 (Cash)", ,"No Description",Cash,0,,0.000,USD,,0,,,,-20,5035.23,
05/27/2025,"TRANSFERRED TO VS Z21-990055-1 (Cash)", ,"No Description",Cash,0,,0.000,USD,,0,,,,-30,5055.23,
05/27/2025,"TRANSFERRED TO VS Z23-693697-1 (Cash)", ,"No Description",Cash,0,,0.000,USD,,0,,,,-55,5085.23,
05/27/2025,"TRANSFERRED TO VS Z23-693697-1 (Cash)", ,"No Description",Cash,0,,0.000,USD,,0,,,,-60,5140.23,
05/27/2025,"TRANSFERRED TO TRANSFER (Cash)", ,"No Description",Cash,0,,0.000,USD,,0,,,,-75,5200.23,
05/27/2025,"TRANSFERRED TO VS Z23-693697-1 (Cash)", ,"No Description",Cash,0,,0.000,USD,,0,,,,-100,5275.23,
05/27/2025,"BILL PAYMENT CAPITAL ONE AUTO FINANC (Cash)", ,"No Description",Cash,0,,0.000,USD,,0,,,,-775,5375.23,
05/23/2025,"REINVESTMENT INVESCO EXCH TRADED FD TR II GLOBAL ... (PGHY) (Cash)",PGHY,"INVESCO EXCH TRADED FD TR II GLOBAL EX ",Cash,0,,0.025,USD,19.68,0,,,,-0.5,6150.23,
05/23/2025,"DIVIDEND RECEIVED INVESCO EXCH TRADED FD TR II GLOBAL ... (PGHY) (Cash)",PGHY,"INVESCO EXCH TRADED FD TR II GLOBAL EX ",Cash,0,,0.000,USD,,0,,,,0.5,6150.73,
05/23/2025,"YOU BOUGHT SHERWIN-WILLIAMS CO (SHW) (Cash)",SHW,"SHERWIN-WILLIAMS CO",Cash,0,,0.272,USD,350.27,0,,,,-95.27,6150.23,05/27/2025
05/23/2025,"YOU BOUGHT SHERWIN-WILLIAMS CO (SHW) (Cash)",SHW,"SHERWIN-WILLIAMS CO",Cash,0,,0.028,USD,351.17,0,,,,-9.83,6245.50,05/27/2025
05/23/2025,"YOU SOLD INTERPARFUMS, INC. COMMON STOCK (IPAR) (Cash)",IPAR,"INTERPARFUMS, INC. COMMON STOCK",Cash,0,,-0.69,USD,129.9,0,,,,89.63,6255.33,05/27/2025
05/23/2025,"YOU SOLD FORTIS INC COM ISIN #CA3495531079 SE... (FTS) (Cash)",FTS,"FORTIS INC COM ISIN #CA3495531079 SEDOL",Cash,0,,-0.565,USD,47.79,0,,,,27,6165.70,05/27/2025
05/23/2025,"YOU SOLD BOOZ ALLEN HAMILTON HLDG CORP CL A (BAH) (Cash)",BAH,"BOOZ ALLEN HAMILTON HLDG CORP CL A",Cash,0,,-0.043,USD,109.68,0,,,,4.72,6138.70,05/27/2025
05/23/2025,"YOU SOLD LYONDELLBASELL INDUSTRIES N V COM EU... (LYB) (Cash)",LYB,"LYONDELLBASELL INDUSTRIES N V COM EUR0.",Cash,0,,-0.103,USD,55.79,0,,,,5.75,6133.98,05/27/2025
05/23/2025,"YOU BOUGHT FLUTTER ENTERTAINMENT PLC ORD EUR0.0... (FLUT) (Cash)",FLUT,"FLUTTER ENTERTAINMENT PLC ORD EUR0.09 (",Cash,0,,0.071,USD,239.88,0,,,,-17.03,6128.23,05/27/2025
05/23/2025,"DEBIT CARD PURCHASE MARKET@WORK 2067379149 RENTON WA05202524431054D4BMZY (Cash)",,"No Description",Cash,0,,0.000,USD,,0,,,,-2.58,6145.26,
05/23/2025,"TRANSFERRED TO VS Z23-693697-1 (Cash)", ,"No Description",Cash,0,,0.000,USD,,0,,,,-65,6147.84,
05/23/2025,"BILL PAYMENT PRINCE WILLIAM WATER (Cash)", ,"No Description",Cash,0,,0.000,USD,,0,,,,-131.65,6212.84,
05/23/2025,"BILL PAYMENT VERIZON WIRELESS (Cash)", ,"No Description",Cash,0,,0.000,USD,,0,,,,-163,6344.49,
05/22/2025,"REINVESTMENT CARRIER GLOBAL CORPORATION COM (CARR) (Cash)",CARR,"CARRIER GLOBAL CORPORATION COM",Cash,0,,0.002,USD,72.98,0,,,,-0.11,6507.49,
05/22/2025,"DIVIDEND RECEIVED CARRIER GLOBAL CORPORATION COM (CARR) (Cash)",CARR,"CARRIER GLOBAL CORPORATION COM",Cash,0,,0.000,USD,,0,,,,0.11,6507.60,
05/22/2025,"YOU BOUGHT UNITED PARCEL SERVICE INC CL B (UPS) (Cash)",UPS,"UNITED PARCEL SERVICE INC CL B",Cash,0,,0.1,USD,95.5,0,,,,-9.55,6507.49,05/23/2025
05/22/2025,"YOU BOUGHT NEXTERA ENERGY INC COM USD0.01 (NEE) (Cash)",NEE,"NEXTERA ENERGY INC COM USD0.01",Cash,0,,0.656,USD,64.33,0,,,,-42.2,6517.04,05/23/2025
05/22/2025,"YOU BOUGHT NEXTERA ENERGY INC COM USD0.01 (NEE) (Cash)",NEE,"NEXTERA ENERGY INC COM USD0.01",Cash,0,,0.1,USD,68.45,0,,,,-6.85,6559.24,05/23/2025
05/22/2025,"YOU SOLD DOMINION ENERGY INC COM (D) (Cash)",D,"DOMINION ENERGY INC COM",Cash,0,,-0.614,USD,56.22,0,,,,34.52,6566.09,05/23/2025
05/22/2025,"YOU SOLD GAMBLING.COM GROUP LIMITED ORD NPV (GAMB) (Cash)",GAMB,"GAMBLING.COM GROUP LIMITED ORD NPV",Cash,0,,-2,USD,12.05,0,,,,24.1,6531.57,05/23/2025
05/22/2025,"DEBIT CARD PURCHASE MARKET@WORK 2067379149 RENTON WA05192524431054Q4B7T0 (Cash)",,"No Description",Cash,0,,0.000,USD,,0,,,,-2.58,6507.47,
05/22/2025,"DEBIT CARD PURCHASE CLAUDE.AI SUBSCRIPTION ANTHROPIC.COM CA05202524011344D2X493 (Cash)",,"No Description",Cash,0,,0.000,USD,,0,,,,-20,6510.05,
05/22/2025,"DEBIT CARD PURCHASE POS0308 PAYPAL *PYPL P 8882211161 CA05212524251314DF6JVJ (Cash)",,"No Description",Cash,0,,0.000,USD,,0,,,,-41.97,6530.05,
05/22/2025,"DIRECT DEPOSIT COM2 TREAS 3 FED SAL (Cash)", ,"No Description",Cash,0,,0.000,USD,,0,,,,4320.24,6572.02,
05/21/2025,"YOU BOUGHT SHERWIN-WILLIAMS CO (SHW) (Cash)",SHW,"SHERWIN-WILLIAMS CO",Cash,0,,0.1,USD,355.89,0,,,,-35.59,2251.78,05/22/2025
05/21/2025,"YOU SOLD INTERPARFUMS, INC. COMMON STOCK (IPAR) (Cash)",IPAR,"INTERPARFUMS, INC. COMMON STOCK",Cash,0,,-0.5,USD,128.5,0,,,,64.25,2287.37,05/22/2025
05/21/2025,"YOU BOUGHT ALLY FINANCIAL INC COM USD0.01 (ALLY) (Cash)",ALLY,"ALLY FINANCIAL INC COM USD0.01",Cash,0,,0.5,USD,35.28,0,,,,-17.64,2223.12,05/22/2025
05/21/2025,"YOU BOUGHT ALLY FINANCIAL INC COM USD0.01 (ALLY) (Cash)",ALLY,"ALLY FINANCIAL INC COM USD0.01",Cash,0,,0.318,USD,34.59,0,,,,-11,2240.76,05/22/2025
05/21/2025,"DEBIT CARD PURCHASE Amazon.com*NW59897Q1 AMZN.COM/BILL WA05192524692164B320A5 (Cash)",,"No Description",Cash,0,,0.000,USD,,0,,,,-25.39,2251.76,
05/20/2025,"YOU SOLD IRADIMED CORP (IRMD) (Cash)",IRMD,"IRADIMED CORP",Cash,0,,-0.453,USD,53.73,0,,,,24.34,2277.15,05/21/2025
05/20/2025,"YOU SOLD IRADIMED CORP (IRMD) (Cash)",IRMD,"IRADIMED CORP",Cash,0,,-1,USD,53.8,0,,,,53.8,2252.81,05/21/2025
05/20/2025,"YOU BOUGHT CHIPOTLE MEXICAN GRILL INC (CMG) (Cash)",CMG,"CHIPOTLE MEXICAN GRILL INC",Cash,0,,1,USD,51.41,0,,,,-51.41,2199.01,05/21/2025
05/20/2025,"YOU BOUGHT GAMBLING.COM GROUP LIMITED ORD NPV (GAMB) (Cash)",GAMB,"GAMBLING.COM GROUP LIMITED ORD NPV",Cash,0,,2,USD,12.47,0,,,,-24.95,2250.42,05/21/2025
05/19/2025,"YOU SOLD REGENERON PHARMACEUTICALS INC (REGN) (Cash)",REGN,"REGENERON PHARMACEUTICALS INC",Cash,0,,-0.02,USD,593.53,0,,,,11.87,2275.37,05/20/2025
05/19/2025,"YOU SOLD PALO ALTO NETWORKS INC COM USD0.0001 (PANW) (Cash)",PANW,"PALO ALTO NETWORKS INC COM USD0.0001",Cash,0,,-0.056,USD,193.11,0,,,,10.81,2263.50,05/20/2025
05/19/2025,"YOU BOUGHT CHIPOTLE MEXICAN GRILL INC (CMG) (Cash)",CMG,"CHIPOTLE MEXICAN GRILL INC",Cash,0,,0.206,USD,52.27,0,,,,-10.77,2252.69,05/20/2025
05/19/2025,"DEBIT CARD PURCHASE MARKET@WORK 2067379149 RENTON WA0516252443105494A109 (Cash)",,"No Description",Cash,0,,0.000,USD,,0,,,,-2.58,2263.46,
05/19/2025,"DEBIT CARD PURCHASE MARKET@WORK 2067379149 RENTON WA05152524431054849K7T (Cash)",,"No Description",Cash,0,,0.000,USD,,0,,,,-2.58,2266.04,
05/19/2025,"DEBIT CARD PURCHASE POSM6KE 7-ELEVEN Manassas VA051525242513148F6JVG (Cash)",,"No Description",Cash,0,,0.000,USD,,0,,,,-6.84,2268.62,
05/19/2025,"TRANSFERRED TO VS Z21-990055-1 (Cash)", ,"No Description",Cash,0,,0.000,USD,,0,,,,-10,2275.46,
05/19/2025,"TRANSFERRED TO VS 239-574793-1 CURRENT CONTRIBUTION (Cash)", ,"No Description",Cash,0,,0.000,USD,,0,,,,-12,2285.46,
05/19/2025,"DEBIT CARD PURCHASE Spotify P36DC4FCF5 New York NY05172524388864902KWD (Cash)",,"No Description",Cash,0,,0.000,USD,,0,,,,-19.99,2297.46,
05/19/2025,"DEBIT CARD PURCHASE GOOGLE *YouTubePremium g.co/helppay# CA0517252469216492ZZ66 (Cash)",,"No Description",Cash,0,,0.000,USD,,0,,,,-22.99,2317.45,
05/19/2025,"DEBIT CARD PURCHASE GALLERY SHOP WASHINGTON DC0514252455916470VZ3B (Cash)",,"No Description",Cash,0,,0.000,USD,,0,,,,-23.34,2340.44,
05/16/2025,"REINVESTMENT TXNM ENERGY INC COM (TXNM) (Cash)",TXNM,"TXNM ENERGY INC COM",Cash,0,,0.018,USD,53.44,0,,,,-0.97,2363.78,
05/16/2025,"DIVIDEND RECEIVED TXNM ENERGY INC COM (TXNM) (Cash)",TXNM,"TXNM ENERGY INC COM",Cash,0,,0.000,USD,,0,,,,0.97,2364.75,
05/16/2025,"YOU SOLD CHAMPION HOMES INC COM (SKY) (Cash)",SKY,"CHAMPION HOMES INC COM",Cash,0,,-0.573,USD,90.94,0,,,,52.11,2363.78,05/19/2025
05/16/2025,"YOU SOLD NOVARTIS AG SPONSORED ADR (NVS) (Cash)",NVS,"NOVARTIS AG SPONSORED ADR",Cash,0,,-0.02,USD,109.14,0,,,,2.18,2311.67,05/19/2025
05/16/2025,"YOU BOUGHT MONARCH CASINO & RESORT INC (MCRI) (Cash)",MCRI,"MONARCH CASINO & RESORT INC",Cash,0,,0.247,USD,81.87,0,,,,-20.22,2309.49,05/19/2025
05/16/2025,"YOU BOUGHT MONARCH CASINO & RESORT INC (MCRI) (Cash)",MCRI,"MONARCH CASINO & RESORT INC",Cash,0,,0.132,USD,81.69,0,,,,-10.78,2329.71,05/19/2025
05/16/2025,"YOU BOUGHT MGP INGREDIENTS INC (MGPI) (Cash)",MGPI,"MGP INGREDIENTS INC",Cash,0,,1,USD,31.81,0,,,,-31.81,2340.49,05/19/2025
05/16/2025,"YOU BOUGHT MGP INGREDIENTS INC (MGPI) (Cash)",MGPI,"MGP INGREDIENTS INC",Cash,0,,0.746,USD,32.24,0,,,,-24.05,2372.30,05/19/2025
05/16/2025,"YOU SOLD KIMBERLY-CLARK CORP COM (KMB) (Cash)",KMB,"KIMBERLY-CLARK CORP COM",Cash,0,,-0.174,USD,138.31,0,,,,24.07,2396.35,05/19/2025
05/16/2025,"YOU SOLD HUNTSMAN CORP (HUN) (Cash)",HUN,"HUNTSMAN CORP",Cash,0,,-0.481,USD,12.42,0,,,,5.97,2372.28,05/19/2025
05/16/2025,"YOU SOLD HUNTSMAN CORP (HUN) (Cash)",HUN,"HUNTSMAN CORP",Cash,0,,-2,USD,12.42,0,,,,24.84,2366.31,05/19/2025
05/16/2025,"YOU BOUGHT ABRDN SILVER ETF TR ABRDN PHYSICAL S... (SIVR) (Cash)",SIVR,"ABRDN SILVER ETF TR ABRDN PHYSICAL SILV",Cash,0,,0.649,USD,30.81,0,,,,-19.99,2341.47,05/19/2025
05/16/2025,"DEBIT CARD PURCHASE MARKET@WORK 2067379149 RENTON WA05132524431054648MA7 (Cash)",,"No Description",Cash,0,,0.000,USD,,0,,,,-2.58,2361.46,
05/15/2025,"YOU SOLD CHAMPION HOMES INC COM (SKY) (Cash)",SKY,"CHAMPION HOMES INC COM",Cash,0,,-0.494,USD,91.09,0,,,,45,2364.04,05/16/2025
05/15/2025,"YOU BOUGHT MONARCH CASINO & RESORT INC (MCRI) (Cash)",MCRI,"MONARCH CASINO & RESORT INC",Cash,0,,0.169,USD,82.67,0,,,,-13.97,2319.04,05/16/2025
05/15/2025,"YOU BOUGHT ABRDN SILVER ETF TR ABRDN PHYSICAL S... (SIVR) (Cash)",SIVR,"ABRDN SILVER ETF TR ABRDN PHYSICAL SILV",Cash,0,,1,USD,31.02,0,,,,-31.02,2333.01,05/16/2025
05/15/2025,"DEBIT CARD PURCHASE PP*APPLE.COM/BILL 402-935-7733 CA05132524036384522SHJ (Cash)",,"No Description",Cash,0,,0.000,USD,,0,,,,-0.99,2364.03,
05/15/2025,"BILL PAYMENT WELLS FARGO AUTO (Cash)", ,"No Description",Cash,0,,0.000,USD,,0,,,,-933,2365.02,
05/14/2025,"DEBIT CARD PURCHASE Amazon.com*NI4RB8BA1 Amzn.com/bill WA05122524692164435EYJ (Cash)",,"No Description",Cash,0,,0.000,USD,,0,,,,-6.73,3298.02,
05/14/2025,"DEBIT CARD PURCHASE Amazon.com*NW9YV0QE2 Amzn.com/bill WA05122524692164435EWQ (Cash)",,"No Description",Cash,0,,0.000,USD,,0,,,,-7.29,3304.75,
05/14/2025,"DEBIT CARD PURCHASE Amazon.com*NI0ZA46S0 Amzn.com/bill WA05122524692164435ETZ (Cash)",,"No Description",Cash,0,,0.000,USD,,0,,,,-14.95,3312.04,
05/14/2025,"DEBIT CARD PURCHASE Amazon.com*NW8YV4QX2 Amzn.com/bill WA05122524692164435EXS (Cash)",,"No Description",Cash,0,,0.000,USD,,0,,,,-17.14,3326.99,
05/14/2025,"DEBIT CARD PURCHASE NETFLIX.COM NETFLIX.COM CA051225246921644358PL (Cash)",,"No Description",Cash,0,,0.000,USD,,0,,,,-17.99,3344.13,
05/14/2025,"TRANSFERRED TO VS Z24-733398-1 (Cash)", ,"No Description",Cash,0,,0.000,USD,,0,,,,-40,3362.12,
05/14/2025,"DEBIT CARD PURCHASE Amazon.com*NI5KD1BS1 Amzn.com/bill WA05122524692164435ES0 (Cash)",,"No Description",Cash,0,,0.000,USD,,0,,,,-44.61,3402.12,
05/14/2025,"TRANSFERRED TO VS Z23-693697-1 (Cash)", ,"No Description",Cash,0,,0.000,USD,,0,,,,-522,3446.73,
05/13/2025,"DEBIT CARD PURCHASE PLEXINC*PASS MONTHLY PLEX.TV CA051125241164143MKWLY (Cash)",,"No Description",Cash,0,,0.000,USD,,0,,,,-6.99,3968.73,
05/13/2025,"DEBIT CARD PURCHASE AMAZON MKTPL*NI5EH5VF1 Amzn.com/bill WA05112524692164334WDS (Cash)",,"No Description",Cash,0,,0.000,USD,,0,,,,-9.83,3975.72,
05/13/2025,"DEBIT CARD PURCHASE CURSOR, AI POWERED IDE CURSOR.COM NY0512252401134442X5M2 (Cash)",,"No Description",Cash,0,,0.000,USD,,0,,,,-20,3985.55,
05/13/2025,"DEBIT CARD PURCHASE PAYPAL *UBER EATS 402-935-7733 CA05112524036384322RS3 (Cash)",,"No Description",Cash,0,,0.000,USD,,0,,,,-22.92,4005.55,
05/13/2025,"DEBIT CARD PURCHASE FOOD LION #1383 MANASSAS VA05112524692164334X85 (Cash)",,"No Description",Cash,0,,0.000,USD,,0,,,,-27.42,4028.47,
05/13/2025,"DEBIT CARD PURCHASE POS4208 PAYPAL *UBER E San Jose CA051125242513144F6JVF (Cash)",,"No Description",Cash,0,,0.000,USD,,0,,,,-152.37,4055.89,
05/13/2025,"DEBIT CARD RETURN POS4208 PAYPAL *UBER E 8665761039 CA051125742513144F6JVF (Cash)",,"No Description",Cash,0,,0.000,USD,,0,,,,11.55,4208.26,
05/12/2025,"YOU SOLD CHAMPION HOMES INC COM (SKY) (Cash)",SKY,"CHAMPION HOMES INC COM",Cash,0,,-0.539,USD,92.71,0,,,,49.97,4196.71,05/13/2025
05/12/2025,"YOU BOUGHT REGENERON PHARMACEUTICALS INC (REGN) (Cash)",REGN,"REGENERON PHARMACEUTICALS INC",Cash,0,,0.02,USD,574.08,0,,,,-11.48,4146.74,05/13/2025
05/12/2025,"YOU BOUGHT NORTH AMERICAN CONSTRUCTION GRP LTD ... (NOA) (Cash)",NOA,"NORTH AMERICAN CONSTRUCTION GRP LTD COM",Cash,0,,1,USD,16.28,0,,,,-16.28,4158.22,05/13/2025
05/12/2025,"YOU BOUGHT CHIPOTLE MEXICAN GRILL INC (CMG) (Cash)",CMG,"CHIPOTLE MEXICAN GRILL INC",Cash,0,,0.439,USD,50.64,0,,,,-22.23,4174.50,05/13/2025
05/12/2025,"DEBIT CARD PURCHASE MARKET@WORK 2067379149 RENTON WA050725244310540461P5 (Cash)",,"No Description",Cash,0,,0.000,USD,,0,,,,-2.58,4196.73,
05/12/2025,"TRANSFERRED TO VS Z21-990055-1 (Cash)", ,"No Description",Cash,0,,0.000,USD,,0,,,,-4,4199.31,
05/12/2025,"DEBIT CARD PURCHASE Patreon* Membership Internet CA050925243888641022JK (Cash)",,"No Description",Cash,0,,0.000,USD,,0,,,,-5,4203.31,
05/12/2025,"DEBIT CARD PURCHASE MARKET@WORK 2067379149 RENTON WA05092524431054246Z2G (Cash)",,"No Description",Cash,0,,0.000,USD,,0,,,,-7.86,4208.31,
05/12/2025,"DEBIT CARD PURCHASE OTT* SOFTWHITEUNDERBEL SOFTWHITEUNDE CA0510252406466422X4J8 (Cash)",,"No Description",Cash,0,,0.000,USD,,0,,,,-10,4216.17,
05/12/2025,"TRANSFERRED TO VS Z23-693697-1 (Cash)", ,"No Description",Cash,0,,0.000,USD,,0,,,,-46.21,4226.17,
05/12/2025,"DEBIT CARD PURCHASE PIZZA HUT 37448 https://ipcha VA0507252494300405WEE5 (Cash)",,"No Description",Cash,0,,0.000,USD,,0,,,,-58.09,4272.38,
05/12/2025,"TRANSFERRED TO VS Z21-990055-1 (Cash)", ,"No Description",Cash,0,,0.000,USD,,0,,,,-61,4330.47,
05/12/2025,"DEBIT CARD PURCHASE PAYPAL *Roetto Michael Visa Direct CA050925242481841004L9 (Cash)",,"No Description",Cash,0,,0.000,USD,,0,,,,-100,4391.47,
05/09/2025,"YOU SOLD CHAMPION HOMES INC COM (SKY) (Cash)",SKY,"CHAMPION HOMES INC COM",Cash,0,,-0.732,USD,90.08,0,,,,65.94,4491.47,05/12/2025
05/09/2025,"YOU BOUGHT NORTH AMERICAN CONSTRUCTION GRP LTD ... (NOA) (Cash)",NOA,"NORTH AMERICAN CONSTRUCTION GRP LTD COM",Cash,0,,2,USD,15.75,0,,,,-31.51,4425.53,05/12/2025
05/09/2025,"YOU BOUGHT CHIPOTLE MEXICAN GRILL INC (CMG) (Cash)",CMG,"CHIPOTLE MEXICAN GRILL INC",Cash,0,,0.401,USD,49.82,0,,,,-19.98,4457.04,05/12/2025
05/09/2025,"YOU BOUGHT FLUTTER ENTERTAINMENT PLC ORD EUR0.0... (FLUT) (Cash)",FLUT,"FLUTTER ENTERTAINMENT PLC ORD EUR0.09 (",Cash,0,,0.063,USD,236.4,0,,,,-14.89,4477.02,05/12/2025
05/09/2025,"DEBIT CARD PURCHASE MARKET@WORK 2067379149 RENTON WA05062524431053Z45K8L (Cash)",,"No Description",Cash,0,,0.000,USD,,0,,,,-2.58,4491.91,
05/08/2025,"FOREIGN TAX PAID as of May-06-2025 ASML HOLDING NV EUR0.09 NY REGISTRY ... (ASML) (Cash)",ASML,"ASML HOLDING NV EUR0.09 NY REGISTRY SHS",Cash,0,,0.000,USD,,0,,,,-0.01,4494.49,
05/08/2025,"DIVIDEND RECEIVED as of May-06-2025 ASML HOLDING NV EUR0.09 NY REGISTRY ... (ASML) (Cash)",ASML,"ASML HOLDING NV EUR0.09 NY REGISTRY SHS",Cash,0,,0.000,USD,,0,,,,0.03,4494.50,
05/08/2025,"DEBIT CARD PURCHASE MARKET@WORK 2067379149 RENTON WA05052524431053Y454S2 (Cash)",,"No Description",Cash,0,,0.000,USD,,0,,,,-2.58,4494.47,
05/08/2025,"BILL PAYMENT NOVEC (Cash)", ,"No Description",Cash,0,,0.000,USD,,0,,,,-144.75,4497.05,
05/08/2025,"BILL PAYMENT NOVEC (Cash)", ,"No Description",Cash,0,,0.000,USD,,0,,,,-153.4,4641.80,
05/08/2025,"DIRECT DEPOSIT COM2 TREAS 3 FED SAL (Cash)", ,"No Description",Cash,0,,0.000,USD,,0,,,,4320.24,4795.20,
05/07/2025,"REINVESTMENT FLEXSHARES CREDIT-SCORED US LONG COR... (LKOR) (Cash)",LKOR,"FLEXSHARES CREDIT-SCORED US LONG CORP B",Cash,0,,0.023,USD,40.69,0,,,,-0.94,474.96,
05/07/2025,"DIVIDEND RECEIVED FLEXSHARES CREDIT-SCORED US LONG COR... (LKOR) (Cash)",LKOR,"FLEXSHARES CREDIT-SCORED US LONG CORP B",Cash,0,,0.000,USD,,0,,,,0.94,475.90,
05/07/2025,"REINVESTMENT FLEXSHARES IBOXX 5-YEAR TARG (TDTF) (Cash)",TDTF,"FLEXSHARES IBOXX 5-YEAR TARG",Cash,0,,0.018,USD,23.87,0,,,,-0.44,474.96,
05/07/2025,"DIVIDEND RECEIVED FLEXSHARES IBOXX 5-YEAR TARG (TDTF) (Cash)",TDTF,"FLEXSHARES IBOXX 5-YEAR TARG",Cash,0,,0.000,USD,,0,,,,0.44,475.40,
05/07/2025,"DEBIT CARD PURCHASE Amazon.com*NI8817GR2 Amzn.com/bill WA05052524692163X2Z9BL (Cash)",,"No Description",Cash,0,,0.000,USD,,0,,,,-24.05,474.96,
05/07/2025,"DEBIT CARD PURCHASE OLD VIRGINIA TOBACCO C MANASSAS VA05052524377353Y00018 (Cash)",,"No Description",Cash,0,,0.000,USD,,0,,,,-34.5,499.01,
05/07/2025,"DEBIT CARD PURCHASE POS4208 PAYPAL *PYPL P San Jose CA05052524251313YF6JVD (Cash)",,"No Description",Cash,0,,0.000,USD,,0,,,,-41.98,533.51,
05/07/2025,"TRANSFERRED TO VS Z23-693697-1 (Cash)", ,"No Description",Cash,0,,0.000,USD,,0,,,,-50,575.49,
05/07/2025,"DEBIT CARD PURCHASE AMAZON MKTPL*NI8E61GO2 Amzn.com/bill WA05052524692163X2Z9N3 (Cash)",,"No Description",Cash,0,,0.000,USD,,0,,,,-63.33,625.49,
05/07/2025,"TRANSFERRED TO VS Z23-693697-1 (Cash)", ,"No Description",Cash,0,,0.000,USD,,0,,,,-67.89,688.82,
05/06/2025,"REINVESTMENT VANECK ETF TR FALLEN ANGEL HIGH YLD ... (ANGL) (Cash)",ANGL,"VANECK ETF TR FALLEN ANGEL HIGH YLD BD ",Cash,0,,0.046,USD,28.25,0,,,,-1.31,756.71,
05/06/2025,"DIVIDEND RECEIVED VANECK ETF TR FALLEN ANGEL HIGH YLD ... (ANGL) (Cash)",ANGL,"VANECK ETF TR FALLEN ANGEL HIGH YLD BD ",Cash,0,,0.000,USD,,0,,,,1.31,758.02,
05/06/2025,"REINVESTMENT SPDR BLOOMBERG SHORT TERM HIGH YIELD... (SJNK) (Cash)",SJNK,"SPDR BLOOMBERG SHORT TERM HIGH YIELD BO",Cash,0,,0.035,USD,24.93,0,,,,-0.87,756.71,
05/06/2025,"DIVIDEND RECEIVED SPDR BLOOMBERG SHORT TERM HIGH YIELD... (SJNK) (Cash)",SJNK,"SPDR BLOOMBERG SHORT TERM HIGH YIELD BO",Cash,0,,0.000,USD,,0,,,,0.87,757.58,
05/06/2025,"DEBIT CARD PURCHASE POS3018 CVS/PHARMACY # MANASSAS VA05022524251313XF6JVD (Cash)",,"No Description",Cash,0,,0.000,USD,,0,,,,-0.87,756.71,
05/06/2025,"DEBIT CARD PURCHASE POS3018 CVS/PHARMACY # MANASSAS VA05022524251313XF6JVD (Cash)",,"No Description",Cash,0,,0.000,USD,,0,,,,-9.35,757.58,
05/06/2025,"CASH ADVANCE ATM0100 7500 CENTREVIL MANASSAS PAR VA05022574251313X06GSL (Cash)",,"No Description",Cash,0,,0.000,USD,,0,,,,-20,766.93,
05/06/2025,"DEBIT CARD PURCHASE POS1 FOOD LION #138 MANASSAS VA05032524251313XF6JVD (Cash)",,"No Description",Cash,0,,0.000,USD,,0,,,,-22.25,786.93,
05/05/2025,"REINVESTMENT VANGUARD SCOTTSDALE FDS VANGUARD SHO... (VCSH) (Cash)",VCSH,"VANGUARD SCOTTSDALE FDS VANGUARD SHORT-",Cash,0,,0.001,USD,78.62,0,,,,-0.08,809.18,
05/05/2025,"DIVIDEND RECEIVED VANGUARD SCOTTSDALE FDS VANGUARD SHO... (VCSH) (Cash)",VCSH,"VANGUARD SCOTTSDALE FDS VANGUARD SHORT-",Cash,0,,0.000,USD,,0,,,,0.08,809.26,
05/05/2025,"REINVESTMENT VANGUARD CHARLOTTE FDS TOTAL INTL BD ETF (BNDX) (Cash)",BNDX,"VANGUARD CHARLOTTE FDS TOTAL INTL BD ETF",Cash,0,,0.005,USD,49.24,0,,,,-0.27,809.18,
05/05/2025,"DIVIDEND RECEIVED VANGUARD CHARLOTTE FDS TOTAL INTL BD ETF (BNDX) (Cash)",BNDX,"VANGUARD CHARLOTTE FDS TOTAL INTL BD ETF",Cash,0,,0.000,USD,,0,,,,0.27,809.45,
05/05/2025,"REINVESTMENT J P MORGAN EXCHANGE TRADED FD INTL B... (JPIB) (Cash)",JPIB,"J P MORGAN EXCHANGE TRADED FD INTL BD O",Cash,0,,0.007,USD,47.89,0,,,,-0.34,809.18,
05/05/2025,"DIVIDEND RECEIVED J P MORGAN EXCHANGE TRADED FD INTL B... (JPIB) (Cash)",JPIB,"J P MORGAN EXCHANGE TRADED FD INTL BD O",Cash,0,,0.000,USD,,0,,,,0.34,809.52,
05/05/2025,"DEBIT CARD PURCHASE MARKET@WORK 2067379149 RENTON WA04302524431053T42ZZ3 (Cash)",,"No Description",Cash,0,,0.000,USD,,0,,,,-2.58,809.18,
05/05/2025,"DEBIT CARD PURCHASE MARKET@WORK 2067379149 RENTON WA05012524431053S43EFJ (Cash)",,"No Description",Cash,0,,0.000,USD,,0,,,,-7.34,811.76,
05/05/2025,"DEBIT CARD PURCHASE Amazon web services aws.amazon.co WA05022524692163V2XAH1 (Cash)",,"No Description",Cash,0,,0.000,USD,,0,,,,-7.69,819.10,
05/05/2025,"DEBIT CARD PURCHASE UBER *ONE HELP.UBER.COM CA05042524036293WMML4W (Cash)",,"No Description",Cash,0,,0.000,USD,,0,,,,-9.99,826.79,
05/05/2025,"DEBIT CARD PURCHASE Amazon.com*NB8KJ8CC1 Amzn.com/bill WA05022524692163S2ZNWN (Cash)",,"No Description",Cash,0,,0.000,USD,,0,,,,-18.82,836.78,
05/05/2025,"DEBIT CARD PURCHASE PAYPAL *ENTIRELYDIG 4029357733 CA04302524198803TF24DH (Cash)",,"No Description",Cash,0,,0.000,USD,,0,,,,-22,855.60,
05/05/2025,"DEBIT CARD PURCHASE Amazon.com*N21FF0IU0 Amzn.com/bill WA05022524692163S2ZDSD (Cash)",,"No Description",Cash,0,,0.000,USD,,0,,,,-31.79,877.60,
05/05/2025,"DEBIT CARD PURCHASE POSMOFP 7-ELEVEN Manassas Par VA05012524251313SF6JVQ (Cash)",,"No Description",Cash,0,,0.000,USD,,0,,,,-39.9,909.39,
05/05/2025,"TRANSFERRED TO VS Z23-693697-1 (Cash)", ,"No Description",Cash,0,,0.000,USD,,0,,,,-45,949.29,
05/05/2025,"DEBIT CARD PURCHASE WENDYS 6635 703-257-5716 VA05032524943003W5TYQB (Cash)",,"No Description",Cash,0,,0.000,USD,,0,,,,-45.05,994.29,
05/05/2025,"DEBIT CARD PURCHASE Amazon.com*NB2EK6ZP0 AMZN.COM/BILL WA05032524692163W2Y59W (Cash)",,"No Description",Cash,0,,0.000,USD,,0,,,,-59.99,1039.34,
05/05/2025,"DEBIT CARD PURCHASE PAYPAL *Roetto Michael Visa Direct CA05012524248183T0030Z (Cash)",,"No Description",Cash,0,,0.000,USD,,0,,,,-100,1099.33,
05/05/2025,"DEBIT CARD PURCHASE CHILIS GRILL & BAR #18 MANASSAS VA05022524231683V9FTD9 (Cash)",,"No Description",Cash,0,,0.000,USD,,0,,,,-114.25,1199.33,
05/05/2025,"TRANSFERRED TO VS Z23-693697-1 (Cash)", ,"No Description",Cash,0,,0.000,USD,,0,,,,-234.56,1313.58,
05/05/2025,"BILL PAYMENT SELECT PORTFOLIO SERVIC (Cash)", ,"No Description",Cash,0,,0.000,USD,,0,,,,-1575,1548.14,
05/02/2025,"YOU SOLD TESLA INC COM (TSLA) (Cash)",TSLA,"TESLA INC COM",Cash,0,,-0.186,USD,293.56,0,,,,54.6,3123.14,05/05/2025
05/02/2025,"YOU BOUGHT NORTH AMERICAN CONSTRUCTION GRP LTD ... (NOA) (Cash)",NOA,"NORTH AMERICAN CONSTRUCTION GRP LTD COM",Cash,0,,2,USD,15.68,0,,,,-31.37,3068.54,05/05/2025
05/02/2025,"YOU BOUGHT MONARCH CASINO & RESORT INC (MCRI) (Cash)",MCRI,"MONARCH CASINO & RESORT INC",Cash,0,,0.346,USD,78.88,0,,,,-27.29,3099.91,05/05/2025
05/02/2025,"DEBIT CARD PURCHASE POSM6JQ 7-ELEVEN MANASSAS VA04302524251313TF6JVB (Cash)",,"No Description",Cash,0,,0.000,USD,,0,,,,-8.06,3127.20,
05/02/2025,"DEBIT CARD PURCHASE MARKET@WORK 2067379149 RENTON WA04292524431053R42HW1 (Cash)",,"No Description",Cash,0,,0.000,USD,,0,,,,-9.98,3135.26,
05/02/2025,"TRANSFERRED TO VS Z23-693697-1 (Cash)", ,"No Description",Cash,0,,0.000,USD,,0,,,,-50,3145.24,
05/01/2025,"TRANSFERRED TO VS Z21-990055-1 (Cash)", ,"No Description",Cash,0,,0.000,USD,,0,,,,-5,3195.24,
05/01/2025,"DEBIT CARD PURCHASE MARKET@WORK 2067379149 RENTON WA04282524431053P423GA (Cash)",,"No Description",Cash,0,,0.000,USD,,0,,,,-5.22,3200.24,
05/01/2025,"TRANSFERRED TO VS Z28-391843-1 (Cash)", ,"No Description",Cash,0,,0.000,USD,,0,,,,-8.87,3205.46,
05/01/2025,"TRANSFERRED TO VS Z23-693697-1 (Cash)", ,"No Description",Cash,0,,0.000,USD,,0,,,,-26.78,3214.33,
05/01/2025,"TRANSFERRED TO VS Z28-391843 REDEMPTION (Cash)", ,"No Description",Cash,0,,0.000,USD,,0,,,,-33,3241.11,
05/01/2025,"TRANSFERRED TO VS Z23-693697-1 (Cash)", ,"No Description",Cash,0,,0.000,USD,,0,,,,-831,3274.11,
04/30/2025,"DIVIDEND RECEIVED WD 40 CO COM (WDFC) (Cash)",WDFC,"WD 40 CO COM",Cash,0,,0.000,USD,,0,,,,0.1,4105.11,
04/30/2025,"REINVESTMENT FID L/T TREASURY BOND INDEX FUND (FNBGX) (Cash)",FNBGX,"FID L/T TREASURY BOND INDEX FUND",Cash,0,,0.057,USD,9.38,0,,,,-0.53,4105.01,
04/30/2025,"DIVIDEND RECEIVED FID L/T TREASURY BOND INDEX FUND (FNBGX) (Cash)",FNBGX,"FID L/T TREASURY BOND INDEX FUND",Cash,0,,0.000,USD,,0,,,,0.53,4105.54,
04/30/2025,"DIVIDEND RECEIVED FIDELITY GOVERNMENT MONEY MARKET (SPAXX) (Cash)",SPAXX,"FIDELITY GOVERNMENT MONEY MARKET",Cash,0,,0.000,USD,,0,,,,8.87,4105.01,
04/30/2025,"REINVESTMENT FIDELITY CAPITAL & INCOME (FAGIX) (Cash)",FAGIX,"FIDELITY CAPITAL & INCOME",Cash,0,,0.039,USD,9.92,0,,,,-0.39,4096.14,
04/30/2025,"DIVIDEND RECEIVED FIDELITY CAPITAL & INCOME (FAGIX) (Cash)",FAGIX,"FIDELITY CAPITAL & INCOME",Cash,0,,0.000,USD,,0,,,,0.39,4096.53,
04/29/2025,"REINVESTMENT as of Apr-25-2025 NOVARTIS AG SPONSORED ADR (NVS) (Cash)",NVS,"NOVARTIS AG SPONSORED ADR",Cash,0,,0.001,USD,112.75,0,,,,-0.07,4096.14,
04/29/2025,"FOREIGN TAX PAID as of Apr-25-2025 NOVARTIS AG SPONSORED ADR (NVS) (Cash)",NVS,"NOVARTIS AG SPONSORED ADR",Cash,0,,0.000,USD,,0,,,,-0.01,4096.21,
04/29/2025,"DIVIDEND RECEIVED as of Apr-25-2025 NOVARTIS AG SPONSORED ADR (NVS) (Cash)",NVS,"NOVARTIS AG SPONSORED ADR",Cash,0,,0.000,USD,,0,,,,0.08,4096.22,
04/29/2025,"DIRECT DEBIT STATE FARM RO SFPP (Cash)", ,"No Description",Cash,0,,0.000,USD,,0,,,,-281.99,4096.14,
04/28/2025,"YOU BOUGHT PHILLIPS 66 (PSX) (Cash)",PSX,"PHILLIPS 66",Cash,0,,0.075,USD,105.75,0,,,,-7.93,4378.13,04/29/2025
04/28/2025,"YOU BOUGHT MONARCH CASINO & RESORT INC (MCRI) (Cash)",MCRI,"MONARCH CASINO & RESORT INC",Cash,0,,0.129,USD,77.07,0,,,,-9.94,4386.06,04/29/2025
04/28/2025,"YOU SOLD CARRIER GLOBAL CORPORATION COM (CARR) (Cash)",CARR,"CARRIER GLOBAL CORPORATION COM",Cash,0,,-0.166,USD,60.23,0,,,,10,4396.00,04/29/2025
04/28/2025,"DEBIT CARD PURCHASE MARKET@WORK 2067379149 RENTON WA04252524431053L40W2L (Cash)",,"No Description",Cash,0,,0.000,USD,,0,,,,-2.58,4386.00,
04/28/2025,"DEBIT CARD PURCHASE MARKET@WORK 2067379149 RENTON WA04232524431053J3ZYX0 (Cash)",,"No Description",Cash,0,,0.000,USD,,0,,,,-2.58,4388.58,
04/28/2025,"TRANSFERRED TO VS Z24-733398-1 (Cash)", ,"No Description",Cash,0,,0.000,USD,,0,,,,-15.01,4391.16,
04/28/2025,"TRANSFERRED TO VS Z23-693697-1 (Cash)", ,"No Description",Cash,0,,0.000,USD,,0,,,,-25,4406.17,
04/28/2025,"TRANSFERRED TO VS Z21-990055-1 (Cash)", ,"No Description",Cash,0,,0.000,USD,,0,,,,-44.44,4431.17,
04/28/2025,"TRANSFERRED TO VS Z23-693697-1 (Cash)", ,"No Description",Cash,0,,0.000,USD,,0,,,,-45,4475.61,
04/28/2025,"TRANSFERRED TO VS Z23-693697-1 (Cash)", ,"No Description",Cash,0,,0.000,USD,,0,,,,-45,4520.61,
04/25/2025,"REINVESTMENT NATIONAL HEALTHCARE CORP (NHC) (Cash)",NHC,"NATIONAL HEALTHCARE CORP",Cash,0,,0.001,USD,94.37,0,,,,-0.06,4565.61,
04/25/2025,"DIVIDEND RECEIVED NATIONAL HEALTHCARE CORP (NHC) (Cash)",NHC,"NATIONAL HEALTHCARE CORP",Cash,0,,0.000,USD,,0,,,,0.06,4565.67,
04/25/2025,"REINVESTMENT INVESCO EXCH TRADED FD TR II GLOBAL ... (PGHY) (Cash)",PGHY,"INVESCO EXCH TRADED FD TR II GLOBAL EX ",Cash,0,,0.026,USD,19.59,0,,,,-0.5,4565.61,
04/25/2025,"DIVIDEND RECEIVED INVESCO EXCH TRADED FD TR II GLOBAL ... (PGHY) (Cash)",PGHY,"INVESCO EXCH TRADED FD TR II GLOBAL EX ",Cash,0,,0.000,USD,,0,,,,0.5,4566.11,
04/25/2025,"DEBIT CARD PURCHASE MARKET@WORK 2067379149 RENTON WA04222524431053H3ZGL6 (Cash)",,"No Description",Cash,0,,0.000,USD,,0,,,,-2.58,4565.61,
04/25/2025,"TRANSFERRED TO VS Z24-733398-1 (Cash)", ,"No Description",Cash,0,,0.000,USD,,0,,,,-14,4568.19,
04/25/2025,"DEBIT CARD PURCHASE POS5487 MCDONALD'S F18 MANASSAS VA04232524251313JF6JV9 (Cash)",,"No Description",Cash,0,,0.000,USD,,0,,,,-22.06,4582.19,
04/25/2025,"BILL PAYMENT VERIZON WIRELESS (Cash)", ,"No Description",Cash,0,,0.000,USD,,0,,,,-163,4604.25,
04/25/2025,"BILL PAYMENT VERIZON WIRELESS (Cash)", ,"No Description",Cash,0,,0.000,USD,,0,,,,-464.33,4767.25,
04/25/2025,"BILL PAYMENT CAPITAL ONE AUTO FINANC (Cash)", ,"No Description",Cash,0,,0.000,USD,,0,,,,-775,5231.58,
04/24/2025,"YOU SOLD SUPER MICRO COMPUTER INC COM NEW (SMCI) (Cash)",SMCI,"SUPER MICRO COMPUTER INC COM NEW",Cash,0,,-0.646,USD,34.33,0,,,,22.18,6006.58,04/25/2025
04/24/2025,"YOU BOUGHT SILICON MOTION TECHNO ADR REP 4 ORD (SIMO) (Cash)",SIMO,"SILICON MOTION TECHNO ADR REP 4 ORD",Cash,0,,0.506,USD,43.4,0,,,,-21.96,5984.40,04/25/2025
04/24/2025,"YOU SOLD SERVICE CORPORATION INTERNATIONAL CO... (SCI) (Cash)",SCI,"SERVICE CORPORATION INTERNATIONAL COM U",Cash,0,,-0.379,USD,79.39,0,,,,30.09,6006.36,04/25/2025
04/24/2025,"YOU BOUGHT MONARCH CASINO & RESORT INC (MCRI) (Cash)",MCRI,"MONARCH CASINO & RESORT INC",Cash,0,,0.39,USD,76.83,0,,,,-29.96,5976.27,04/25/2025
04/24/2025,"YOU BOUGHT CINCINNATI FINANCIAL CORP COM USD2.00 (CINF) (Cash)",CINF,"CINCINNATI FINANCIAL CORP COM USD2.00",Cash,0,,0.037,USD,132.91,0,,,,-4.92,6006.23,04/25/2025
04/24/2025,"DEBIT CARD PURCHASE MARKET@WORK 2067379149 RENTON WA04212524431053G3Z2F5 (Cash)",,"No Description",Cash,0,,0.000,USD,,0,,,,-2.58,6011.15,
04/24/2025,"DIRECT DEPOSIT COM2 TREAS 3 FED SAL (Cash)", ,"No Description",Cash,0,,0.000,USD,,0,,,,4320.24,6013.73,
04/23/2025,"YOU SOLD TRANSPORTADORA DE GAS DEL SUR S.A SP... (TGS) (Cash)",TGS,"TRANSPORTADORA DE GAS DEL SUR S.A SPONS",Cash,0,,-0.603,USD,27.5,0,,,,16.58,1693.49,04/24/2025
04/23/2025,"YOU SOLD TRANSPORTADORA DE GAS DEL SUR S.A SP... (TGS) (Cash)",TGS,"TRANSPORTADORA DE GAS DEL SUR S.A SPONS",Cash,0,,-4,USD,27.51,0,,,,110.03,1676.91,04/24/2025
04/23/2025,"YOU BOUGHT SHELL PLC SPON ADS EA REP 2 ORD SHS (SHEL) (Cash)",SHEL,"SHELL PLC SPON ADS EA REP 2 ORD SHS",Cash,0,,0.262,USD,64.85,0,,,,-16.99,1566.88,04/24/2025
04/23/2025,"YOU BOUGHT PHILLIPS 66 (PSX) (Cash)",PSX,"PHILLIPS 66",Cash,0,,0.077,USD,102.8,0,,,,-7.92,1583.87,04/24/2025
04/23/2025,"YOU BOUGHT NORTH AMERICAN CONSTRUCTION GRP LTD ... (NOA) (Cash)",NOA,"NORTH AMERICAN CONSTRUCTION GRP LTD COM",Cash,0,,6,USD,15.52,0,,,,-93.1,1591.79,04/24/2025
04/23/2025,"YOU BOUGHT NORTH AMERICAN CONSTRUCTION GRP LTD ... (NOA) (Cash)",NOA,"NORTH AMERICAN CONSTRUCTION GRP LTD COM",Cash,0,,0.417,USD,15.53,0,,,,-6.48,1684.89,04/24/2025
04/23/2025,"DEBIT CARD PURCHASE Amazon.com*WJ5XG3243 Amzn.com/bill WA04212524692163F2ZP99 (Cash)",,"No Description",Cash,0,,0.000,USD,,0,,,,-5.99,1691.37,
04/23/2025,"TRANSFERRED TO VS Z23-693697-1 (Cash)", ,"No Description",Cash,0,,0.000,USD,,0,,,,-40,1697.36,
04/22/2025,"YOU SOLD WD 40 CO COM (WDFC) (Cash)",WDFC,"WD 40 CO COM",Cash,0,,-0.111,USD,222.29,0,,,,24.67,1737.36,04/23/2025
04/22/2025,"YOU BOUGHT MGP INGREDIENTS INC (MGPI) (Cash)",MGPI,"MGP INGREDIENTS INC",Cash,0,,0.422,USD,28.98,0,,,,-12.23,1712.69,04/23/2025
04/22/2025,"YOU BOUGHT CONAGRA BRANDS INC (CAG) (Cash)",CAG,"CONAGRA BRANDS INC",Cash,0,,0.476,USD,25.68,0,,,,-12.23,1724.92,04/23/2025
04/22/2025,"DEBIT CARD PURCHASE CLAUDE.AI SUBSCRIPTION ANTHROPIC.COM CA04202524011343F2X48J (Cash)",,"No Description",Cash,0,,0.000,USD,,0,,,,-20,1737.15,
04/22/2025,"DEBIT CARD PURCHASE POS1 GIANT LANDOVER MANASSAS VA04192524251313FF6JV8 (Cash)",,"No Description",Cash,0,,0.000,USD,,0,,,,-61.67,1757.15,
04/21/2025,"DIVIDEND RECEIVED QUEST DIAGNOSTICS INC COM USD0.01 (DGX) (Cash)",DGX,"QUEST DIAGNOSTICS INC COM USD0.01",Cash,0,,0.000,USD,,0,,,,0.01,1818.82,
04/21/2025,"DEBIT CARD PURCHASE POSM6KE 7-ELEVEN Manassas VA04172524251313QF6JV8 (Cash)",,"No Description",Cash,0,,0.000,USD,,0,,,,-8.67,1818.81,
04/21/2025,"TRANSFERRED TO VS Z21-990055-1 (Cash)", ,"No Description",Cash,0,,0.000,USD,,0,,,,-10,1827.48,
04/21/2025,"DEBIT CARD PURCHASE Spotify P35ED79234 New York NY04172524388863B00JGB (Cash)",,"No Description",Cash,0,,0.000,USD,,0,,,,-19.99,1837.48,
04/21/2025,"DEBIT CARD PURCHASE GOOGLE *YouTubePremium g.co/helppay# CA04172524692163B35B4M (Cash)",,"No Description",Cash,0,,0.000,USD,,0,,,,-22.99,1857.47,
04/21/2025,"DEBIT CARD PURCHASE Amazon.com*9L5120UU3 AMZN.COM/BILL WA04192524692163D2Y404 (Cash)",,"No Description",Cash,0,,0.000,USD,,0,,,,-25.39,1880.46,
04/21/2025,"TRANSFERRED TO VS Z23-693697-1 (Cash)", ,"No Description",Cash,0,,0.000,USD,,0,,,,-50,1905.85,
04/21/2025,"TRANSFERRED TO VS Z23-693697-1 (Cash)", ,"No Description",Cash,0,,0.000,USD,,0,,,,-56.78,1955.85,
04/21/2025,"DEBIT CARD PURCHASE OLD VIRGINIA TOBACCO C MANASSAS VA04192524377353E0001J (Cash)",,"No Description",Cash,0,,0.000,USD,,0,,,,-57.41,2012.63,
04/21/2025,"TRANSFERRED TO VS Z23-693697-1 (Cash)", ,"No Description",Cash,0,,0.000,USD,,0,,,,-60,2070.04,
04/21/2025,"BILL PAYMENT PRINCE WILLIAM WATER as of Apr-18-2025 (Cash)", ,"No Description",Cash,0,,0.000,USD,,0,,,,-131.65,2130.04,
04/21/2025,"TRANSFERRED TO VS Z23-693697-1 (Cash)", ,"No Description",Cash,0,,0.000,USD,,0,,,,-180,2261.69,
04/17/2025,"DIVIDEND RECEIVED INGLES MARKETS INC (IMKTA) (Cash)",IMKTA,"INGLES MARKETS INC",Cash,0,,0.000,USD,,0,,,,0.02,2441.69,
04/15/2025,"DEBIT CARD PURCHASE PP*APPLE.COM/BILL 402-935-7733 CA04132524036383722LA7 (Cash)",,"No Description",Cash,0,,0.000,USD,,0,,,,-0.99,2441.67,
04/15/2025,"DEBIT CARD PURCHASE POS0010 Netflix.com LOS GATOS CA041225242513138F6JV6 (Cash)",,"No Description",Cash,0,,0.000,USD,,0,,,,-17.99,2442.66,
04/15/2025,"TRANSFERRED TO VS Z23-693697-1 (Cash)", ,"No Description",Cash,0,,0.000,USD,,0,,,,-39.99,2460.65,
04/15/2025,"BILL PAYMENT WELLS FARGO AUTO (Cash)", ,"No Description",Cash,0,,0.000,USD,,0,,,,-933,2500.64,
04/14/2025,"DEBIT CARD PURCHASE MARKET@WORK 2067379149 RENTON WA0409252443105343TZWX (Cash)",,"No Description",Cash,0,,0.000,USD,,0,,,,-2.58,3433.64,
04/14/2025,"DEBIT CARD PURCHASE MARKET@WORK 2067379149 RENTON WA0410252443105353SEQQ (Cash)",,"No Description",Cash,0,,0.000,USD,,0,,,,-4.48,3436.22,
04/14/2025,"DEBIT CARD PURCHASE PLEXINC*PASS MONTHLY PLEX.TV CA041125241164135MM0VV (Cash)",,"No Description",Cash,0,,0.000,USD,,0,,,,-4.99,3440.70,
04/14/2025,"DEBIT CARD PURCHASE OTT* SOFTWHITEUNDERBEL SOFTWHITEUNDE CA0410252406466342X4TD (Cash)",,"No Description",Cash,0,,0.000,USD,,0,,,,-10,3445.69,
04/14/2025,"DEBIT CARD PURCHASE AMAZON MKTPL*624KR6UQ3 Amzn.com/bill WA04112524692163530D1D (Cash)",,"No Description",Cash,0,,0.000,USD,,0,,,,-14.83,3455.69,
04/14/2025,"DEBIT CARD PURCHASE Amazon.com*653327FM3 Amzn.com/bill WA04112524692163530BFG (Cash)",,"No Description",Cash,0,,0.000,USD,,0,,,,-19.16,3470.52,
04/14/2025,"DEBIT CARD PURCHASE CURSOR, AI POWERED IDE CURSOR.COM NY0412252401134362X6X5 (Cash)",,"No Description",Cash,0,,0.000,USD,,0,,,,-20,3489.68,
04/14/2025,"DEBIT CARD PURCHASE AMAZON MKTPL*HV0OV3IP3 Amzn.com/bill WA04122524692163631QW3 (Cash)",,"No Description",Cash,0,,0.000,USD,,0,,,,-21.09,3509.68,
04/14/2025,"DEBIT CARD PURCHASE LS ROCKETFIZZ ALEXANDR 202-2971337 VA0412252401134362X722 (Cash)",,"No Description",Cash,0,,0.000,USD,,0,,,,-40.96,3530.77,
04/14/2025,"TRANSFERRED TO VS Z23-693697-1 (Cash)", ,"No Description",Cash,0,,0.000,USD,,0,,,,-100,3571.73,
04/14/2025,"DEBIT CARD PURCHASE PAYPAL *Roetto Michael Visa Direct CA04102524248183400505 (Cash)",,"No Description",Cash,0,,0.000,USD,,0,,,,-100,3671.73,
04/11/2025,"YOU SOLD VANECK ETF TR FALLEN ANGEL HIGH YLD ... (ANGL) (Cash)",ANGL,"VANECK ETF TR FALLEN ANGEL HIGH YLD BD ",Cash,0,,-0.284,USD,27.61,0,,,,7.84,3771.73,04/14/2025
04/11/2025,"YOU BOUGHT PROLOGIS INC. COM (PLD) (Cash)",PLD,"PROLOGIS INC. COM",Cash,0,,0.082,USD,94.84,0,,,,-7.78,3763.89,04/14/2025
04/11/2025,"DEBIT CARD PURCHASE OLD VIRGINIA TOBACCO C ARLINGTON VA0409252437735340001B (Cash)",,"No Description",Cash,0,,0.000,USD,,0,,,,-34.5,3771.67,
04/10/2025,"REINVESTMENT MEDICAL PROPERTIES TRUST INC (MPW) (Cash)",MPW,"MEDICAL PROPERTIES TRUST INC",Cash,0,,0.083,USD,5.04,0,,,,-0.42,3806.17,
04/10/2025,"DIVIDEND RECEIVED MEDICAL PROPERTIES TRUST INC (MPW) (Cash)",MPW,"MEDICAL PROPERTIES TRUST INC",Cash,0,,0.000,USD,,0,,,,0.42,3806.59,
04/10/2025,"DEBIT CARD PURCHASE Patreon* Membership Internet CA0409252438886332F7ZG (Cash)",,"No Description",Cash,0,,0.000,USD,,0,,,,-5,3806.17,
04/10/2025,"DEBIT CARD PURCHASE POS5487 MCDONALD'S F18 MANASSAS VA040825242513133F6JW3 (Cash)",,"No Description",Cash,0,,0.000,USD,,0,,,,-43.62,3811.17,
04/10/2025,"TRANSFERRED TO VS Z23-693697-1 (Cash)", ,"No Description",Cash,0,,0.000,USD,,0,,,,-850,3854.79,
04/10/2025,"DIRECT DEPOSIT COM2 TREAS 3 FED SAL (Cash)", ,"No Description",Cash,0,,0.000,USD,,0,,,,4320.24,4704.79,
04/09/2025,"TRANSFERRED TO TRANSFER (Cash)", ,"No Description",Cash,0,,0.000,USD,,0,,,,-10,384.55,
04/09/2025,"DEBIT CARD PURCHASE PAYPAL *PYPL PAYIN4 888-221-1161 CA0406252402762311YMF9 (Cash)",,"No Description",Cash,0,,0.000,USD,,0,,,,-13.24,394.55,
04/08/2025,"DEBIT CARD PURCHASE POS1 FOOD LION #138 MANASSAS VA040625242513131F6JW3 (Cash)",,"No Description",Cash,0,,0.000,USD,,0,,,,-3.21,407.79,
04/08/2025,"DEBIT CARD PURCHASE Amazon.com*516AZ7U13 Amzn.com/bill WA04072524692163136DPY (Cash)",,"No Description",Cash,0,,0.000,USD,,0,,,,-9.2,411.00,
04/08/2025,"DEBIT CARD PURCHASE POS1 FOOD LION #138 MANASSAS VA040625242513131F6JW3 (Cash)",,"No Description",Cash,0,,0.000,USD,,0,,,,-44.29,420.20,
04/08/2025,"DEBIT CARD PURCHASE POS0308 PAYPAL *PYPL P 8882211161 CA040625242513131F6JW3 (Cash)",,"No Description",Cash,0,,0.000,USD,,0,,,,-177.52,464.49,
04/08/2025,"BILL PAYMENT NOVEC (Cash)", ,"No Description",Cash,0,,0.000,USD,,0,,,,-189.62,642.01,
04/08/2025,"BILL PAYMENT NOVEC (Cash)", ,"No Description",Cash,0,,0.000,USD,,0,,,,-201.19,831.63,
04/07/2025,"REINVESTMENT FLEXSHARES CREDIT-SCORED US LONG COR... (LKOR) (Cash)",LKOR,"FLEXSHARES CREDIT-SCORED US LONG CORP B",Cash,0,,0.022,USD,42.64,0,,,,-0.95,1032.82,
04/07/2025,"DIVIDEND RECEIVED FLEXSHARES CREDIT-SCORED US LONG COR... (LKOR) (Cash)",LKOR,"FLEXSHARES CREDIT-SCORED US LONG CORP B",Cash,0,,0.000,USD,,0,,,,0.95,1033.77,
04/07/2025,"REINVESTMENT FLEXSHARES IBOXX 5-YEAR TARG (TDTF) (Cash)",TDTF,"FLEXSHARES IBOXX 5-YEAR TARG",Cash,0,,0.033,USD,24.18,0,,,,-0.79,1032.82,
04/07/2025,"DIVIDEND RECEIVED FLEXSHARES IBOXX 5-YEAR TARG (TDTF) (Cash)",TDTF,"FLEXSHARES IBOXX 5-YEAR TARG",Cash,0,,0.000,USD,,0,,,,0.79,1033.61,
04/07/2025,"YOU BOUGHT PROLOGIS INC. COM (PLD) (Cash)",PLD,"PROLOGIS INC. COM",Cash,0,,0.194,USD,92.42,0,,,,-17.93,1032.82,04/08/2025
04/07/2025,"YOU BOUGHT NEXSTAR MEDIA GROUP INC COMMON STOCK (NXST) (Cash)",NXST,"NEXSTAR MEDIA GROUP INC COMMON STOCK",Cash,0,,0.039,USD,150.1,0,,,,-5.85,1050.75,04/08/2025
04/07/2025,"YOU SOLD FLEXSHARES IBOXX 5-YEAR TARG (TDTF) (Cash)",TDTF,"FLEXSHARES IBOXX 5-YEAR TARG",Cash,0,,-1,USD,24.06,0,,,,24.06,1056.60,04/08/2025
04/07/2025,"DEBIT CARD PURCHASE CPI*CANTEEN VENDING SU 800-628-8363 MD04032524692162X33KL4 (Cash)",,"No Description",Cash,0,,0.000,USD,,0,,,,-2.85,1032.54,
04/07/2025,"DEBIT CARD PURCHASE PAYPAL *UBER EATS 402-935-7733 CA04042524036382Y229QA (Cash)",,"No Description",Cash,0,,0.000,USD,,0,,,,-4.05,1035.39,
04/07/2025,"DEBIT CARD PURCHASE MARKET@WORK 2067379149 RENTON WA04042524431052Z3PWFM (Cash)",,"No Description",Cash,0,,0.000,USD,,0,,,,-4.48,1039.44,
04/07/2025,"DEBIT CARD PURCHASE UBER *ONE HELP.UBER.COM CA04042524036292YLTRG0 (Cash)",,"No Description",Cash,0,,0.000,USD,,0,,,,-9.99,1043.92,
04/07/2025,"DEBIT CARD PURCHASE POSM6KE 7-ELEVEN Manassas VA04032524251312YF6JW2 (Cash)",,"No Description",Cash,0,,0.000,USD,,0,,,,-11.89,1053.91,
04/07/2025,"DEBIT CARD PURCHASE PAYPAL *UBER EATS 402-935-7733 CA04042524036382Y229AF (Cash)",,"No Description",Cash,0,,0.000,USD,,0,,,,-22.96,1065.80,
04/07/2025,"TRANSFERRED TO VS Z23-693697-1 (Cash)", ,"No Description",Cash,0,,0.000,USD,,0,,,,-45,1088.76,
04/07/2025,"TRANSFERRED TO VS Z23-693697-1 (Cash)", ,"No Description",Cash,0,,0.000,USD,,0,,,,-50,1133.76,
04/07/2025,"DEBIT CARD PURCHASE Amazon.com*ZS4YW0YP3 AMZN.COM/BILL WA04032524692162X33KTW (Cash)",,"No Description",Cash,0,,0.000,USD,,0,,,,-60,1183.76,
04/04/2025,"REINVESTMENT VANECK ETF TR FALLEN ANGEL HIGH YLD ... (ANGL) (Cash)",ANGL,"VANECK ETF TR FALLEN ANGEL HIGH YLD BD ",Cash,0,,0.05,USD,28.48,0,,,,-1.41,1243.76,
04/04/2025,"DIVIDEND RECEIVED VANECK ETF TR FALLEN ANGEL HIGH YLD ... (ANGL) (Cash)",ANGL,"VANECK ETF TR FALLEN ANGEL HIGH YLD BD ",Cash,0,,0.000,USD,,0,,,,1.41,1245.17,
04/04/2025,"REINVESTMENT SPDR BLOOMBERG SHORT TERM HIGH YIELD... (SJNK) (Cash)",SJNK,"SPDR BLOOMBERG SHORT TERM HIGH YIELD BO",Cash,0,,0.035,USD,24.81,0,,,,-0.88,1243.76,
04/04/2025,"DIVIDEND RECEIVED SPDR BLOOMBERG SHORT TERM HIGH YIELD... (SJNK) (Cash)",SJNK,"SPDR BLOOMBERG SHORT TERM HIGH YIELD BO",Cash,0,,0.000,USD,,0,,,,0.88,1244.64,
04/04/2025,"REINVESTMENT BRT APARTMENTS CORP COM (BRT) (Cash)",BRT,"BRT APARTMENTS CORP COM",Cash,0,,0.156,USD,16.59,0,,,,-2.58,1243.76,
04/04/2025,"DIVIDEND RECEIVED BRT APARTMENTS CORP COM (BRT) (Cash)",BRT,"BRT APARTMENTS CORP COM",Cash,0,,0.000,USD,,0,,,,2.58,1246.34,
04/04/2025,"DEBIT CARD PURCHASE MARKET@WORK 2067379149 RENTON WA04012524431052W3NHDL (Cash)",,"No Description",Cash,0,,0.000,USD,,0,,,,-2.58,1243.76,
04/04/2025,"DEBIT CARD PURCHASE AMAZON MKTPL*1U5A63M03 Amzn.com/bill WA04022524692162W32A10 (Cash)",,"No Description",Cash,0,,0.000,USD,,0,,,,-26.49,1246.34,
04/04/2025,"DEBIT CARD PURCHASE Amazon web services aws.amazon.co WA04022524692162W32HF8 (Cash)",,"No Description",Cash,0,,0.000,USD,,0,,,,-38.52,1272.83,
04/04/2025,"DEBIT CARD PURCHASE POS4208 PAYPAL *EBAY 8 San Jose CA04022524251312XF6JW1 (Cash)",,"No Description",Cash,0,,0.000,USD,,0,,,,-39.21,1311.35,
04/04/2025,"DEBIT CARD PURCHASE POS4208 PAYPAL *EBAY 8 San Jose CA04022524251312XF6JW1 (Cash)",,"No Description",Cash,0,,0.000,USD,,0,,,,-61.94,1350.56,
04/04/2025,"BILL PAYMENT SELECT PORTFOLIO SERVIC (Cash)", ,"No Description",Cash,0,,0.000,USD,,0,,,,-1581,1412.50,
04/03/2025,"REINVESTMENT VANGUARD SCOTTSDALE FDS VANGUARD SHO... (VCSH) (Cash)",VCSH,"VANGUARD SCOTTSDALE FDS VANGUARD SHORT-",Cash,0,,0.001,USD,78.71,0,,,,-0.08,2993.50,
04/03/2025,"DIVIDEND RECEIVED VANGUARD SCOTTSDALE FDS VANGUARD SHO... (VCSH) (Cash)",VCSH,"VANGUARD SCOTTSDALE FDS VANGUARD SHORT-",Cash,0,,0.000,USD,,0,,,,0.08,2993.58,
04/03/2025,"REINVESTMENT VANGUARD CHARLOTTE FDS TOTAL INTL BD ETF (BNDX) (Cash)",BNDX,"VANGUARD CHARLOTTE FDS TOTAL INTL BD ETF",Cash,0,,0.006,USD,48.81,0,,,,-0.28,2993.50,
04/03/2025,"DIVIDEND RECEIVED VANGUARD CHARLOTTE FDS TOTAL INTL BD ETF (BNDX) (Cash)",BNDX,"VANGUARD CHARLOTTE FDS TOTAL INTL BD ETF",Cash,0,,0.000,USD,,0,,,,0.28,2993.78,
04/03/2025,"REINVESTMENT J P MORGAN EXCHANGE TRADED FD INTL B... (JPIB) (Cash)",JPIB,"J P MORGAN EXCHANGE TRADED FD INTL BD O",Cash,0,,0.007,USD,47.72,0,,,,-0.34,2993.50,
04/03/2025,"DIVIDEND RECEIVED J P MORGAN EXCHANGE TRADED FD INTL B... (JPIB) (Cash)",JPIB,"J P MORGAN EXCHANGE TRADED FD INTL BD O",Cash,0,,0.000,USD,,0,,,,0.34,2993.84,
04/03/2025,"DEBIT CARD PURCHASE MARKET@WORK 2067379149 RENTON WA03312524431052V3N3DQ (Cash)",,"No Description",Cash,0,,0.000,USD,,0,,,,-2.58,2993.50,
04/03/2025,"DEBIT CARD PURCHASE PAYPAL *EBAY 800-456-3 402-935-7733 CA04012524036382V225LB (Cash)",,"No Description",Cash,0,,0.000,USD,,0,,,,-13.11,2996.08,
04/03/2025,"DEBIT CARD PURCHASE PAYPAL *EBAY 800-456-3 402-935-7733 CA04012524036382V225LA (Cash)",,"No Description",Cash,0,,0.000,USD,,0,,,,-18.93,3009.19,
04/03/2025,"DEBIT CARD PURCHASE PAYPAL *THERMOWORKS 801-756-7705 UT04012524027622V1YETR (Cash)",,"No Description",Cash,0,,0.000,USD,,0,,,,-30.27,3028.12,
04/03/2025,"DEBIT CARD PURCHASE POS0308 PAYPAL *PYPL P 8882211161 CA04022524251312WF6JW1 (Cash)",,"No Description",Cash,0,,0.000,USD,,0,,,,-59.57,3058.39,
04/03/2025,"DEBIT CARD PURCHASE PAYPAL *Roetto Michael Visa Direct CA04012524248182V004ER (Cash)",,"No Description",Cash,0,,0.000,USD,,0,,,,-100,3117.96,
04/02/2025,"REINVESTMENT KIMBERLY-CLARK CORP COM (KMB) (Cash)",KMB,"KIMBERLY-CLARK CORP COM",Cash,0,,0.001,USD,142.74,0,,,,-0.11,3217.96,
04/02/2025,"DIVIDEND RECEIVED KIMBERLY-CLARK CORP COM (KMB) (Cash)",KMB,"KIMBERLY-CLARK CORP COM",Cash,0,,0.000,USD,,0,,,,0.11,3218.07,
04/02/2025,"YOU SOLD TESLA INC COM (TSLA) (Cash)",TSLA,"TESLA INC COM",Cash,0,,-0.157,USD,282.9,0,,,,44.41,3217.96,04/03/2025
04/02/2025,"YOU SOLD TXNM ENERGY INC COM (TXNM) (Cash)",TXNM,"TXNM ENERGY INC COM",Cash,0,,-0.716,USD,53.59,0,,,,38.37,3173.55,04/03/2025
04/02/2025,"YOU SOLD INVESCO EXCH TRADED FD TR II GLOBAL ... (PGHY) (Cash)",PGHY,"INVESCO EXCH TRADED FD TR II GLOBAL EX ",Cash,0,,-3,USD,19.81,0,,,,59.43,3135.18,04/03/2025
04/02/2025,"YOU SOLD BROADCOM INC COM (AVGO) (Cash)",AVGO,"BROADCOM INC COM",Cash,0,,-0.08,USD,170.04,0,,,,13.6,3075.75,04/03/2025
04/02/2025,"YOU SOLD ETFS GOLD TR PHYSCL GOLD SHS (SGOL) (Cash)",SGOL,"ETFS GOLD TR PHYSCL GOLD SHS",Cash,0,,-0.522,USD,29.79,0,,,,15.55,3062.15,04/03/2025
04/02/2025,"TRANSFERRED TO VS Z28-391843-1 (Cash)", ,"No Description",Cash,0,,0.000,USD,,0,,,,-9.44,3046.60,
04/02/2025,"TRANSFERRED TO TRANSFER (Cash)", ,"No Description",Cash,0,,0.000,USD,,0,,,,-50,3056.04,
04/02/2025,"TRANSFERRED TO VS Z23-693697-1 (Cash)", ,"No Description",Cash,0,,0.000,USD,,0,,,,-65,3106.04,
04/01/2025,"DEBIT CARD PURCHASE 7-ELEVEN 33714 MANASSAS PARK VA03292524034542T05XMF (Cash)",,"No Description",Cash,0,,0.000,USD,,0,,,,-13.5,3171.04,
04/01/2025,"TRANSFERRED TO VS Z28-391843 REDEMPTION (Cash)", ,"No Description",Cash,0,,0.000,USD,,0,,,,-33,3184.54,
04/01/2025,"DEBIT CARD PURCHASE POSMTMA 7-ELEVEN Manassas Par VA03292524251312SF6JW1 (Cash)",,"No Description",Cash,0,,0.000,USD,,0,,,,-46.4,3217.54,
04/01/2025,"TRANSFERRED TO VS Z23-693697-1 (Cash)", ,"No Description",Cash,0,,0.000,USD,,0,,,,-833,3263.94,
03/31/2025,"REINVESTMENT SERVICE CORPORATION INTERNATIONAL CO... (SCI) (Cash)",SCI,"SERVICE CORPORATION INTERNATIONAL COM U",Cash,0,,0.002,USD,79.99,0,,,,-0.12,4096.94,
03/31/2025,"DIVIDEND RECEIVED SERVICE CORPORATION INTERNATIONAL CO... (SCI) (Cash)",SCI,"SERVICE CORPORATION INTERNATIONAL COM U",Cash,0,,0.000,USD,,0,,,,0.12,4097.06,
03/31/2025,"REINVESTMENT PROLOGIS INC. COM (PLD) (Cash)",PLD,"PROLOGIS INC. COM",Cash,0,,0.002,USD,110.52,0,,,,-0.23,4096.94,
03/31/2025,"DIVIDEND RECEIVED PROLOGIS INC. COM (PLD) (Cash)",PLD,"PROLOGIS INC. COM",Cash,0,,0.000,USD,,0,,,,0.23,4097.17,
03/31/2025,"REINVESTMENT as of Mar-27-2025 PETROLEO BRASILEIRO SA PETROBRAS SPO... (PBR) (Cash)",PBR,"PETROLEO BRASILEIRO SA PETROBRAS SPON A",Cash,0,,0.055,USD,14.27,0,,,,-0.78,4096.94,
03/31/2025,"REINVESTMENT as of Mar-27-2025 PETROLEO BRASILEIRO SA PETROBRAS SPO... (PBR) (Cash)",PBR,"PETROLEO BRASILEIRO SA PETROBRAS SPON A",Cash,0,,0.001,USD,14.27,0,,,,-0.01,4097.72,
03/31/2025,"REINVESTMENT HUNTSMAN CORP (HUN) (Cash)",HUN,"HUNTSMAN CORP",Cash,0,,0.039,USD,15.72,0,,,,-0.61,4097.73,
03/31/2025,"DIVIDEND RECEIVED HUNTSMAN CORP (HUN) (Cash)",HUN,"HUNTSMAN CORP",Cash,0,,0.000,USD,,0,,,,0.61,4098.34,
03/31/2025,"REINVESTMENT FID L/T TREASURY BOND INDEX FUND (FNBGX) (Cash)",FNBGX,"FID L/T TREASURY BOND INDEX FUND",Cash,0,,0.055,USD,9.52,0,,,,-0.52,4097.73,
03/31/2025,"DIVIDEND RECEIVED FID L/T TREASURY BOND INDEX FUND (FNBGX) (Cash)",FNBGX,"FID L/T TREASURY BOND INDEX FUND",Cash,0,,0.000,USD,,0,,,,0.52,4098.25,
03/31/2025,"DIVIDEND RECEIVED FIDELITY GOVERNMENT MONEY MARKET (SPAXX) (Cash)",SPAXX,"FIDELITY GOVERNMENT MONEY MARKET",Cash,0,,0.000,USD,,0,,,,9.44,4097.73,
03/31/2025,"REINVESTMENT FIDELITY CAPITAL & INCOME (FAGIX) (Cash)",FAGIX,"FIDELITY CAPITAL & INCOME",Cash,0,,0.043,USD,9.91,0,,,,-0.43,4088.29,
03/31/2025,"DIVIDEND RECEIVED FIDELITY CAPITAL & INCOME (FAGIX) (Cash)",FAGIX,"FIDELITY CAPITAL & INCOME",Cash,0,,0.000,USD,,0,,,,0.43,4088.72,
03/31/2025,"REINVESTMENT ENTRAVISION COMMUNICATIONS CORP (EVC) (Cash)",EVC,"ENTRAVISION COMMUNICATIONS CORP",Cash,0,,0.33,USD,2.12,0,,,,-0.7,4088.29,
03/31/2025,"DIVIDEND RECEIVED ENTRAVISION COMMUNICATIONS CORP (EVC) (Cash)",EVC,"ENTRAVISION COMMUNICATIONS CORP",Cash,0,,0.000,USD,,0,,,,0.7,4088.99,
03/31/2025,"REINVESTMENT BROADCOM INC COM (AVGO) (Cash)",AVGO,"BROADCOM INC COM",Cash,0,,0.001,USD,169.08,0,,,,-0.23,4088.29,
03/31/2025,"DIVIDEND RECEIVED BROADCOM INC COM (AVGO) (Cash)",AVGO,"BROADCOM INC COM",Cash,0,,0.000,USD,,0,,,,0.23,4088.52,
03/31/2025,"DIVIDEND RECEIVED as of Mar-27-2025 PETROLEO BRASILEIRO SA PETROBRAS SPO... (PBR) (Cash)",PBR,"PETROLEO BRASILEIRO SA PETROBRAS SPON A",Cash,0,,0.000,USD,,0,,,,0.01,4088.29,
03/31/2025,"DIVIDEND RECEIVED as of Mar-27-2025 PETROLEO BRASILEIRO SA PETROBRAS SPO... (PBR) (Cash)",PBR,"PETROLEO BRASILEIRO SA PETROBRAS SPON A",Cash,0,,0.000,USD,,0,,,,0.02,4088.28,
03/31/2025,"FEE CHARGED as of Mar-27-2025 PETROLEO BRASILEIRO SA PETROBRAS SPO... (PBR) (Cash)",PBR,"PETROLEO BRASILEIRO SA PETROBRAS SPON A",Cash,0,,0.000,USD,,0,,,,-0.02,4088.26,
03/31/2025,"DIVIDEND RECEIVED as of Mar-27-2025 PETROLEO BRASILEIRO SA PETROBRAS SPO... (PBR) (Cash)",PBR,"PETROLEO BRASILEIRO SA PETROBRAS SPON A",Cash,0,,0.000,USD,,0,,,,0.78,4088.28,
03/31/2025,"YOU BOUGHT VALE S.A. SPONS ADS REPR 1 COM NPV (VALE) (Cash)",VALE,"VALE S.A. SPONS ADS REPR 1 COM NPV",Cash,0,,1,USD,9.84,0,,,,-9.84,4087.50,04/01/2025
03/31/2025,"YOU BOUGHT VALE S.A. SPONS ADS REPR 1 COM NPV (VALE) (Cash)",VALE,"VALE S.A. SPONS ADS REPR 1 COM NPV",Cash,0,,0.015,USD,9.85,0,,,,-0.15,4097.34,04/01/2025
03/31/2025,"YOU BOUGHT IRADIMED CORP (IRMD) (Cash)",IRMD,"IRADIMED CORP",Cash,0,,0.097,USD,51.47,0,,,,-4.99,4097.49,04/01/2025
03/31/2025,"YOU SOLD ETFS GOLD TR PHYSCL GOLD SHS (SGOL) (Cash)",SGOL,"ETFS GOLD TR PHYSCL GOLD SHS",Cash,0,,-0.504,USD,29.71,0,,,,14.97,4102.48,04/01/2025
03/31/2025,"DEBIT CARD PURCHASE MARKET@WORK 2067379149 RENTON WA03282524431052R3LVZM (Cash)",,"No Description",Cash,0,,0.000,USD,,0,,,,-2.58,4087.51,
03/31/2025,"DEBIT CARD PURCHASE MARKET@WORK 2067379149 RENTON WA03272524431052P3LD7L (Cash)",,"No Description",Cash,0,,0.000,USD,,0,,,,-2.58,4090.09,
03/31/2025,"TRANSFERRED TO VS Z24-733398-1 (Cash)", ,"No Description",Cash,0,,0.000,USD,,0,,,,-9.99,4092.67,
03/31/2025,"TRANSFERRED TO VS Z24-733398-1 (Cash)", ,"No Description",Cash,0,,0.000,USD,,0,,,,-12.34,4102.66,
03/31/2025,"DEBIT CARD PURCHASE 7-ELEVEN 33714 MANASSAS PARK VA03262524034542N059HV (Cash)",,"No Description",Cash,0,,0.000,USD,,0,,,,-16.52,4115.00,
03/31/2025,"DEBIT CARD PURCHASE Amazon.com*0Q41T4GP3 Amzn.com/bill WA03282524692162P2Y0B7 (Cash)",,"No Description",Cash,0,,0.000,USD,,0,,,,-16.71,4131.52,
03/31/2025,"DEBIT CARD PURCHASE AMAZON MKTPL*OU2U84D03 Amzn.com/bill WA03282524692162P2Y0BK (Cash)",,"No Description",Cash,0,,0.000,USD,,0,,,,-21.19,4148.23,
03/31/2025,"DEBIT CARD PURCHASE Amazon.com*988Y53P23 AMZN.COM/BILL WA03282524692162P2Y2YM (Cash)",,"No Description",Cash,0,,0.000,USD,,0,,,,-65.8,4169.42,
03/31/2025,"DIRECT DEBIT STATE FARM RO SFPP (Cash)", ,"No Description",Cash,0,,0.000,USD,,0,,,,-281.99,4235.22,
03/28/2025,"REINVESTMENT INVESCO EXCH TRADED FD TR II GLOBAL ... (PGHY) (Cash)",PGHY,"INVESCO EXCH TRADED FD TR II GLOBAL EX ",Cash,0,,0.046,USD,19.87,0,,,,-0.91,4517.21,
03/28/2025,"DIVIDEND RECEIVED INVESCO EXCH TRADED FD TR II GLOBAL ... (PGHY) (Cash)",PGHY,"INVESCO EXCH TRADED FD TR II GLOBAL EX ",Cash,0,,0.000,USD,,0,,,,0.91,4518.12,
03/28/2025,"REINVESTMENT INTERPARFUMS, INC. COMMON STOCK (IPAR) (Cash)",IPAR,"INTERPARFUMS, INC. COMMON STOCK",Cash,0,,0.008,USD,120.76,0,,,,-0.95,4517.21,
03/28/2025,"DIVIDEND RECEIVED INTERPARFUMS, INC. COMMON STOCK (IPAR) (Cash)",IPAR,"INTERPARFUMS, INC. COMMON STOCK",Cash,0,,0.000,USD,,0,,,,0.95,4518.16,
03/28/2025,"DEBIT CARD PURCHASE MARKET@WORK 2067379149 RENTON WA03252524431052M3KDXA (Cash)",,"No Description",Cash,0,,0.000,USD,,0,,,,-2.58,4517.21,
03/28/2025,"TRANSFERRED TO VS Z24-733398-1 (Cash)", ,"No Description",Cash,0,,0.000,USD,,0,,,,-10,4519.79,
03/27/2025,"DEBIT CARD PURCHASE MARKET@WORK 2067379149 RENTON WA03242524431052L3JZLF (Cash)",,"No Description",Cash,0,,0.000,USD,,0,,,,-2.58,4529.79,
03/27/2025,"DEBIT CARD PURCHASE Amazon.com*0P85U43W3 Amzn.com/bill WA03262524692162M35MML (Cash)",,"No Description",Cash,0,,0.000,USD,,0,,,,-45.43,4532.37,
03/27/2025,"TRANSFERRED TO VS Z23-693697-1 (Cash)", ,"No Description",Cash,0,,0.000,USD,,0,,,,-67.89,4577.80,
03/27/2025,"DEBIT CARD PURCHASE VIRGINIA RAILWAY EXPRE 800-7433873 VA03252524013392L051ZJ (Cash)",,"No Description",Cash,0,,0.000,USD,,0,,,,-96.6,4645.69,
03/27/2025,"BILL PAYMENT VERIZON WIRELESS (Cash)", ,"No Description",Cash,0,,0.000,USD,,0,,,,-461.17,4742.29,
03/27/2025,"BILL PAYMENT CAPITAL ONE AUTO FINANC (Cash)", ,"No Description",Cash,0,,0.000,USD,,0,,,,-775,5203.46,
03/27/2025,"DIRECT DEPOSIT COM2 TREAS 3 FED SAL (Cash)", ,"No Description",Cash,0,,0.000,USD,,0,,,,4320.25,5978.46,
03/26/2025,"YOU BOUGHT VALE S.A. SPONS ADS REPR 1 COM NPV (VALE) (Cash)",VALE,"VALE S.A. SPONS ADS REPR 1 COM NPV",Cash,0,,1,USD,10.07,0,,,,-10.08,1658.21,03/27/2025
03/26/2025,"YOU BOUGHT VALE S.A. SPONS ADS REPR 1 COM NPV (VALE) (Cash)",VALE,"VALE S.A. SPONS ADS REPR 1 COM NPV",Cash,0,,0.588,USD,10.07,0,,,,-5.92,1668.29,03/27/2025
03/26/2025,"YOU BOUGHT NVIDIA CORPORATION COM (NVDA) (Cash)",NVDA,"NVIDIA CORPORATION COM",Cash,0,,0.061,USD,113.55,0,,,,-6.93,1674.21,03/27/2025
03/26/2025,"YOU SOLD NEXSTAR MEDIA GROUP INC COMMON STOCK (NXST) (Cash)",NXST,"NEXSTAR MEDIA GROUP INC COMMON STOCK",Cash,0,,-0.127,USD,182.03,0,,,,23.12,1681.14,03/27/2025
03/26/2025,"TRANSFERRED TO VS Z23-693697-1 (Cash)", ,"No Description",Cash,0,,0.000,USD,,0,,,,-60,1658.02,
03/25/2025,"REINVESTMENT as of Mar-21-2025 VALE S.A. SPONS ADS REPR 1 COM NPV (VALE) (Cash)",VALE,"VALE S.A. SPONS ADS REPR 1 COM NPV",Cash,0,,0.128,USD,10.04,0,,,,-1.28,1718.02,
03/25/2025,"REINVESTMENT as of Mar-21-2025 VALE S.A. SPONS ADS REPR 1 COM NPV (VALE) (Cash)",VALE,"VALE S.A. SPONS ADS REPR 1 COM NPV",Cash,0,,0.025,USD,10.04,0,,,,-0.25,1719.30,
03/25/2025,"REINVESTMENT HIGHPEAK ENERGY INC COM (HPK) (Cash)",HPK,"HIGHPEAK ENERGY INC COM",Cash,0,,0.011,USD,12.62,0,,,,-0.14,1719.55,
03/25/2025,"DIVIDEND RECEIVED HIGHPEAK ENERGY INC COM (HPK) (Cash)",HPK,"HIGHPEAK ENERGY INC COM",Cash,0,,0.000,USD,,0,,,,0.14,1719.69,
03/25/2025,"FEE CHARGED as of Mar-21-2025 VALE S.A. SPONS ADS REPR 1 COM NPV (VALE) (Cash)",VALE,"VALE S.A. SPONS ADS REPR 1 COM NPV",Cash,0,,0.000,USD,,0,,,,-0.02,1719.55,
03/25/2025,"FEE CHARGED as of Mar-21-2025 VALE S.A. SPONS ADS REPR 1 COM NPV (VALE) (Cash)",VALE,"VALE S.A. SPONS ADS REPR 1 COM NPV",Cash,0,,0.000,USD,,0,,,,-0.02,1719.57,
03/25/2025,"FOREIGN TAX PAID as of Mar-21-2025 VALE S.A. SPONS ADS REPR 1 COM NPV (VALE) (Cash)",VALE,"VALE S.A. SPONS ADS REPR 1 COM NPV",Cash,0,,0.000,USD,,0,,,,-0.05,1719.59,
03/25/2025,"DIVIDEND RECEIVED as of Mar-21-2025 VALE S.A. SPONS ADS REPR 1 COM NPV (VALE) (Cash)",VALE,"VALE S.A. SPONS ADS REPR 1 COM NPV",Cash,0,,0.000,USD,,0,,,,0.32,1719.64,
03/25/2025,"DIVIDEND RECEIVED as of Mar-21-2025 VALE S.A. SPONS ADS REPR 1 COM NPV (VALE) (Cash)",VALE,"VALE S.A. SPONS ADS REPR 1 COM NPV",Cash,0,,0.000,USD,,0,,,,1.3,1719.32,
03/25/2025,"TRANSFERRED TO TRANSFER (Cash)", ,"No Description",Cash,0,,0.000,USD,,0,,,,-10,1718.02,
03/25/2025,"DEBIT CARD PURCHASE PAYPAL *Roetto Michael Visa Direct CA03232524248182J00669 (Cash)",,"No Description",Cash,0,,0.000,USD,,0,,,,-50,1728.02,
03/25/2025,"DEBIT CARD PURCHASE POS1 FOOD LION #138 MANASSAS VA03232524251312KF6JVY (Cash)",,"No Description",Cash,0,,0.000,USD,,0,,,,-53.55,1778.02,
03/25/2025,"DEBIT CARD PURCHASE POS0308 PAYPAL *PYPL P 8882211161 CA03222524251312KF6JVY (Cash)",,"No Description",Cash,0,,0.000,USD,,0,,,,-177.51,1831.57,
03/24/2025,"DIVIDEND RECEIVED VULCAN MATERIALS CO (VMC) (Cash)",VMC,"VULCAN MATERIALS CO",Cash,0,,0.000,USD,,0,,,,0.04,2009.08,
03/24/2025,"YOU BOUGHT PROSPECTUS UNDER SEPARATE COVER EXCHANGE FID L/T TREASURY BOND INDEX FUND (FNBGX) (Cash)",FNBGX,"FID L/T TREASURY BOND INDEX FUND",Cash,0,,1.064,USD,9.4,0,,,,-10,2009.04,03/24/2025
03/24/2025,"YOU SOLD EXCHANGE FIDELITY CAPITAL & INCOME (FAGIX) (Cash)",FAGIX,"FIDELITY CAPITAL & INCOME",Cash,0,,-0.99,USD,10.1,0,,,,10,2019.04,03/24/2025
03/24/2025,"DEBIT CARD PURCHASE MARKET@WORK 2067379149 RENTON WA03202524431052G3HANT (Cash)",,"No Description",Cash,0,,0.000,USD,,0,,,,-2.58,2009.04,
03/24/2025,"DEBIT CARD PURCHASE MARKET@WORK 2067379149 RENTON WA03192524431052F3GWB3 (Cash)",,"No Description",Cash,0,,0.000,USD,,0,,,,-2.58,2011.62,
03/24/2025,"DEBIT CARD PURCHASE MARKET@WORK 2067379149 RENTON WA03192524431052F3GWB3 (Cash)",,"No Description",Cash,0,,0.000,USD,,0,,,,-2.58,2014.20,
03/24/2025,"TRANSFERRED TO VS Z21-990055-1 (Cash)", ,"No Description",Cash,0,,0.000,USD,,0,,,,-7.56,2016.78,
03/24/2025,"DEBIT CARD PURCHASE PAYPAL *PYPL PAYIN4 888-221-1161 CA03222524027622J1Z0J5 (Cash)",,"No Description",Cash,0,,0.000,USD,,0,,,,-13.25,2024.34,
03/24/2025,"DEBIT CARD PURCHASE CLAUDE.AI SUBSCRIPTION ANTHROPIC.COM CA03202524011342G2X48Y (Cash)",,"No Description",Cash,0,,0.000,USD,,0,,,,-20,2037.59,
03/24/2025,"DEBIT CARD PURCHASE Amazon.com*1H8FV97U3 AMZN.COM/BILL WA03202524692162F311RP (Cash)",,"No Description",Cash,0,,0.000,USD,,0,,,,-29.97,2057.59,
03/24/2025,"TRANSFERRED TO VS Z23-693697-1 (Cash)", ,"No Description",Cash,0,,0.000,USD,,0,,,,-45.67,2087.56,
03/24/2025,"DEBIT CARD PURCHASE PIZZA BOLI'S 703-335-2000 VA03212524765012H860X5 (Cash)",,"No Description",Cash,0,,0.000,USD,,0,,,,-84.75,2133.23,
03/24/2025,"TRANSFERRED TO VS Z23-693697-1 (Cash)", ,"No Description",Cash,0,,0.000,USD,,0,,,,-215,2217.98,
03/21/2025,"REINVESTMENT ISHARES MORTGAGE REAL ESTATE ETF (REM) (Cash)",REM,"ISHARES MORTGAGE REAL ESTATE ETF",Cash,0,,0.01,USD,23.24,0,,,,-0.23,2432.98,
03/21/2025,"DIVIDEND RECEIVED ISHARES MORTGAGE REAL ESTATE ETF (REM) (Cash)",REM,"ISHARES MORTGAGE REAL ESTATE ETF",Cash,0,,0.000,USD,,0,,,,0.23,2433.21,
03/21/2025,"YOU BOUGHT KIMBERLY-CLARK CORP COM (KMB) (Cash)",KMB,"KIMBERLY-CLARK CORP COM",Cash,0,,0.089,USD,138.52,0,,,,-12.33,2432.98,03/24/2025
03/21/2025,"YOU SOLD INVESCO DB MULTI-SECTOR COMMOD BASE ... (DBB) (Cash)",DBB,"INVESCO DB MULTI-SECTOR COMMOD BASE MET",Cash,0,,-0.633,USD,19.68,0,,,,12.45,2445.31,03/24/2025
03/21/2025,"TRANSFERRED TO VS Z21-990055-1 (Cash)", ,"No Description",Cash,0,,0.000,USD,,0,,,,-7.65,2432.86,
03/21/2025,"TRANSFERRED TO VS Z24-733398-1 (Cash)", ,"No Description",Cash,0,,0.000,USD,,0,,,,-10,2440.51,
03/21/2025,"BILL PAYMENT PRINCE WILLIAM WATER (Cash)", ,"No Description",Cash,0,,0.000,USD,,0,,,,-131.65,2450.51,
03/20/2025,"REINVESTMENT RESMED INC (RMD) (Cash)",RMD,"RESMED INC",Cash,0,,0.001,USD,221.65,0,,,,-0.21,2582.16,
03/20/2025,"DIVIDEND RECEIVED RESMED INC (RMD) (Cash)",RMD,"RESMED INC",Cash,0,,0.000,USD,,0,,,,0.21,2582.37,
03/20/2025,"REINVESTMENT DOMINION ENERGY INC COM (D) (Cash)",D,"DOMINION ENERGY INC COM",Cash,0,,0.007,USD,54.88,0,,,,-0.41,2582.16,
03/20/2025,"DIVIDEND RECEIVED DOMINION ENERGY INC COM (D) (Cash)",D,"DOMINION ENERGY INC COM",Cash,0,,0.000,USD,,0,,,,0.41,2582.57,
03/20/2025,"DEBIT CARD PURCHASE MARKET@WORK 2067379149 RENTON WA03172524431052D3FZWA (Cash)",,"No Description",Cash,0,,0.000,USD,,0,,,,-2.58,2582.16,
03/20/2025,"DEBIT CARD PURCHASE Amazon.com*0M6U31EK3 Amzn.com/bill WA03182524692162D2Z6J9 (Cash)",,"No Description",Cash,0,,0.000,USD,,0,,,,-18.2,2584.74,
03/20/2025,"DEBIT CARD PURCHASE Amazon.com*587R11SZ3 Amzn.com/bill WA03182524692162D2Z705 (Cash)",,"No Description",Cash,0,,0.000,USD,,0,,,,-18.82,2602.94,
03/20/2025,"DEBIT CARD PURCHASE Amazon.com*SV9QN0S43 Amzn.com/bill WA03182524692162D2Z648 (Cash)",,"No Description",Cash,0,,0.000,USD,,0,,,,-27.43,2621.76,
03/20/2025,"TRANSFERRED TO VS Z23-693697-1 (Cash)", ,"No Description",Cash,0,,0.000,USD,,0,,,,-45,2649.19,
03/19/2025,"REINVESTMENT as of Mar-17-2025 LYONDELLBASELL INDUSTRIES N V COM EU... (LYB) (Cash)",LYB,"LYONDELLBASELL INDUSTRIES N V COM EUR0.",Cash,0,,0.002,USD,75.16,0,,,,-0.14,2694.19,
03/19/2025,"DIVIDEND RECEIVED as of Mar-17-2025 LYONDELLBASELL INDUSTRIES N V COM EU... (LYB) (Cash)",LYB,"LYONDELLBASELL INDUSTRIES N V COM EUR0.",Cash,0,,0.000,USD,,0,,,,0.14,2694.33,
03/19/2025,"DEBIT CARD PURCHASE Amazon.com*ZM8S41DL1 Amzn.com/bill WA03182524692162D2Z5XJ (Cash)",,"No Description",Cash,0,,0.000,USD,,0,,,,-24.05,2694.19,
03/19/2025,"DEBIT CARD PURCHASE POS0308 PAYPAL *PYPL P 8882211161 CA03182524251312DF6JVX (Cash)",,"No Description",Cash,0,,0.000,USD,,0,,,,-59.58,2718.24,
03/18/2025,"TRANSFERRED TO TRANSFER (Cash)", ,"No Description",Cash,0,,0.000,USD,,0,,,,-11,2777.82,
03/18/2025,"TRANSFERRED TO TRANSFER (Cash)", ,"No Description",Cash,0,,0.000,USD,,0,,,,-11,2788.82,
03/18/2025,"DEBIT CARD PURCHASE Spotify P34FF8B985 New York NY03172524388862Q2A8M3 (Cash)",,"No Description",Cash,0,,0.000,USD,,0,,,,-19.99,2799.82,
03/18/2025,"DEBIT CARD PURCHASE GOOGLE *YouTubePremium g.co/helppay# CA03172524692162Q2Y9X4 (Cash)",,"No Description",Cash,0,,0.000,USD,,0,,,,-22.99,2819.81,
03/18/2025,"TRANSFERRED TO VS Z23-693697-1 (Cash)", ,"No Description",Cash,0,,0.000,USD,,0,,,,-65,2842.80,
03/17/2025,"REINVESTMENT FIRST AMERICAN FINANCIAL CORP (FAF) (Cash)",FAF,"FIRST AMERICAN FINANCIAL CORP",Cash,0,,0.015,USD,63.31,0,,,,-0.98,2907.80,
03/17/2025,"DIVIDEND RECEIVED FIRST AMERICAN FINANCIAL CORP (FAF) (Cash)",FAF,"FIRST AMERICAN FINANCIAL CORP",Cash,0,,0.000,USD,,0,,,,0.98,2908.78,
03/17/2025,"DEBIT CARD PURCHASE PP*APPLE.COM/BILL 402-935-7733 CA03132524036382822BRQ (Cash)",,"No Description",Cash,0,,0.000,USD,,0,,,,-0.98,2907.80,
03/17/2025,"DEBIT CARD PURCHASE MARKET@WORK 2067379149 RENTON WA03142524431052A3ERV0 (Cash)",,"No Description",Cash,0,,0.000,USD,,0,,,,-2.58,2908.78,
03/17/2025,"DEBIT CARD PURCHASE MARKET@WORK 2067379149 RENTON WA0313252443105293EAGA (Cash)",,"No Description",Cash,0,,0.000,USD,,0,,,,-2.58,2911.36,
03/17/2025,"TRANSFERRED TO TRANSFER (Cash)", ,"No Description",Cash,0,,0.000,USD,,0,,,,-7,2913.94,
03/17/2025,"TRANSFERRED TO TRANSFER (Cash)", ,"No Description",Cash,0,,0.000,USD,,0,,,,-25,2920.94,
03/17/2025,"DEBIT CARD PURCHASE VIRGINIA RAILWAY EXPRE 800-7433873 VA03142524013392902VNS (Cash)",,"No Description",Cash,0,,0.000,USD,,0,,,,-96.6,2945.94,
03/17/2025,"TRANSFERRED TO VS Z23-693697-1 (Cash)", ,"No Description",Cash,0,,0.000,USD,,0,,,,-100,3042.54,
03/17/2025,"DEBIT CARD PURCHASE PAYPAL *Roetto Michael Visa Direct CA031325242481828005YN (Cash)",,"No Description",Cash,0,,0.000,USD,,0,,,,-100,3142.54,
03/17/2025,"BILL PAYMENT WELLS FARGO AUTO (Cash)", ,"No Description",Cash,0,,0.000,USD,,0,,,,-933,3242.54,
03/14/2025,"REINVESTMENT UNITED STS LIME &MINERALS INC COM (USLM) (Cash)",USLM,"UNITED STS LIME &MINERALS INC COM",Cash,0,,0.001,USD,91.33,0,,,,-0.13,4175.54,
03/14/2025,"DIVIDEND RECEIVED UNITED STS LIME &MINERALS INC COM (USLM) (Cash)",USLM,"UNITED STS LIME &MINERALS INC COM",Cash,0,,0.000,USD,,0,,,,0.13,4175.67,
03/14/2025,"DEBIT CARD PURCHASE MARKET@WORK 2067379149 RENTON WA0311252443105273DE2G (Cash)",,"No Description",Cash,0,,0.000,USD,,0,,,,-2.58,4175.54,
03/14/2025,"TRANSFERRED TO VS Z24-733398-1 (Cash)", ,"No Description",Cash,0,,0.000,USD,,0,,,,-15,4178.12,
03/14/2025,"DEBIT CARD PURCHASE AMAZON MKTPL*A63UB7PJ3 Amzn.com/bill WA0313252469216282XTA4 (Cash)",,"No Description",Cash,0,,0.000,USD,,0,,,,-50.86,4193.12,
03/13/2025,"DEBIT CARD PURCHASE PLEXINC*PASS MONTHLY PLEX.TV CA031125241164126LXHGS (Cash)",,"No Description",Cash,0,,0.000,USD,,0,,,,-4.99,4243.98,
03/13/2025,"DEBIT CARD PURCHASE POS0010 Netflix.com LOS GATOS CA031225242513127F6JVV (Cash)",,"No Description",Cash,0,,0.000,USD,,0,,,,-17.99,4248.97,
03/13/2025,"DEBIT CARD PURCHASE VIRGINIA RAILWAY EXPRE 800-7433873 VA031125240133926027P3 (Cash)",,"No Description",Cash,0,,0.000,USD,,0,,,,-42,4266.96,
03/13/2025,"TRANSFERRED TO VS Z23-693697-1 (Cash)", ,"No Description",Cash,0,,0.000,USD,,0,,,,-650,4308.96,
03/13/2025,"DIRECT DEPOSIT COM2 TREAS 3 FED SAL (Cash)", ,"No Description",Cash,0,,0.000,USD,,0,,,,4320.23,4958.96,
03/12/2025,"YOU SOLD TRANSPORTADORA DE GAS DEL SUR S.A SP... (TGS) (Cash)",TGS,"TRANSPORTADORA DE GAS DEL SUR S.A SPONS",Cash,0,,-0.852,USD,24.55,0,,,,20.91,638.73,03/13/2025
03/12/2025,"YOU SOLD TRANSPORTADORA DE GAS DEL SUR S.A SP... (TGS) (Cash)",TGS,"TRANSPORTADORA DE GAS DEL SUR S.A SPONS",Cash,0,,-1,USD,24.55,0,,,,24.55,617.82,03/13/2025
03/12/2025,"YOU BOUGHT PETROLEO BRASILEIRO SA PETROBRAS SPO... (PBR) (Cash)",PBR,"PETROLEO BRASILEIRO SA PETROBRAS SPON A",Cash,0,,3,USD,12.67,0,,,,-38.02,593.27,03/13/2025
03/12/2025,"YOU BOUGHT PETROLEO BRASILEIRO SA PETROBRAS SPO... (PBR) (Cash)",PBR,"PETROLEO BRASILEIRO SA PETROBRAS SPON A",Cash,0,,0.587,USD,12.68,0,,,,-7.44,631.29,03/13/2025
03/12/2025,"DEBIT CARD PURCHASE OTT* SOFTWHITEUNDERBEL SOFTWHITEUNDE CA031025240646625EHMHK (Cash)",,"No Description",Cash,0,,0.000,USD,,0,,,,-10,638.73,
03/12/2025,"TRANSFERRED TO VS Z23-693697-1 (Cash)", ,"No Description",Cash,0,,0.000,USD,,0,,,,-55,648.73,
03/10/2025,"DEBIT CARD PURCHASE Patreon* Membership Internet CA03092524388862428LMX (Cash)",,"No Description",Cash,0,,0.000,USD,,0,,,,-5,703.73,
03/10/2025,"DEBIT CARD PURCHASE PAYPAL *PYPL PAYIN4 888-221-1161 CA0307252402762231YE6Y (Cash)",,"No Description",Cash,0,,0.000,USD,,0,,,,-13.25,708.73,
03/10/2025,"DEBIT CARD PURCHASE AMAZON MKTPL*VU2N69FF3 Amzn.com/bill WA03072524692162232953 (Cash)",,"No Description",Cash,0,,0.000,USD,,0,,,,-22.25,721.98,
03/10/2025,"TRANSFERRED TO VS Z23-693697-1 (Cash)", ,"No Description",Cash,0,,0.000,USD,,0,,,,-25,744.23,
03/10/2025,"DEBIT CARD PURCHASE POS0308 PAYPAL *PYPL P 8882211161 CA030725242513122F6JVT (Cash)",,"No Description",Cash,0,,0.000,USD,,0,,,,-177.51,769.23,
03/10/2025,"BILL PAYMENT NOVEC (Cash)", ,"No Description",Cash,0,,0.000,USD,,0,,,,-187.32,946.74,
03/10/2025,"BILL PAYMENT NOVEC (Cash)", ,"No Description",Cash,0,,0.000,USD,,0,,,,-222.59,1134.06,
03/07/2025,"REINVESTMENT FLEXSHARES CREDIT-SCORED US LONG COR... (LKOR) (Cash)",LKOR,"FLEXSHARES CREDIT-SCORED US LONG CORP B",Cash,0,,0.02,USD,42.68,0,,,,-0.85,1356.65,
03/07/2025,"DIVIDEND RECEIVED FLEXSHARES CREDIT-SCORED US LONG COR... (LKOR) (Cash)",LKOR,"FLEXSHARES CREDIT-SCORED US LONG CORP B",Cash,0,,0.000,USD,,0,,,,0.85,1357.50,
03/07/2025,"REINVESTMENT FLEXSHARES IBOXX 5-YEAR TARG (TDTF) (Cash)",TDTF,"FLEXSHARES IBOXX 5-YEAR TARG",Cash,0,,0.006,USD,23.86,0,,,,-0.15,1356.65,
03/07/2025,"DIVIDEND RECEIVED FLEXSHARES IBOXX 5-YEAR TARG (TDTF) (Cash)",TDTF,"FLEXSHARES IBOXX 5-YEAR TARG",Cash,0,,0.000,USD,,0,,,,0.15,1356.80,
03/07/2025,"YOU BOUGHT PETROLEO BRASILEIRO SA PETROBRAS SPO... (PBR) (Cash)",PBR,"PETROLEO BRASILEIRO SA PETROBRAS SPON A",Cash,0,,1,USD,12.96,0,,,,-12.96,1356.65,03/10/2025
03/07/2025,"YOU BOUGHT PETROLEO BRASILEIRO SA PETROBRAS SPO... (PBR) (Cash)",PBR,"PETROLEO BRASILEIRO SA PETROBRAS SPON A",Cash,0,,0.057,USD,12.96,0,,,,-0.74,1369.61,03/10/2025
03/07/2025,"YOU SOLD BRT APARTMENTS CORP COM (BRT) (Cash)",BRT,"BRT APARTMENTS CORP COM",Cash,0,,-0.772,USD,17.77,0,,,,13.71,1370.35,03/10/2025
03/07/2025,"BILL PAYMENT SELECT PORTFOLIO SERVIC (Cash)", ,"No Description",Cash,0,,0.000,USD,,0,,,,-1539,1356.64,
03/06/2025,"REINVESTMENT VANECK ETF TR FALLEN ANGEL HIGH YLD ... (ANGL) (Cash)",ANGL,"VANECK ETF TR FALLEN ANGEL HIGH YLD BD ",Cash,0,,0.042,USD,28.94,0,,,,-1.21,2895.64,
03/06/2025,"DIVIDEND RECEIVED VANECK ETF TR FALLEN ANGEL HIGH YLD ... (ANGL) (Cash)",ANGL,"VANECK ETF TR FALLEN ANGEL HIGH YLD BD ",Cash,0,,0.000,USD,,0,,,,1.21,2896.85,
03/06/2025,"REINVESTMENT SPDR BLOOMBERG SHORT TERM HIGH YIELD... (SJNK) (Cash)",SJNK,"SPDR BLOOMBERG SHORT TERM HIGH YIELD BO",Cash,0,,0.033,USD,25.42,0,,,,-0.84,2895.64,
03/06/2025,"DIVIDEND RECEIVED SPDR BLOOMBERG SHORT TERM HIGH YIELD... (SJNK) (Cash)",SJNK,"SPDR BLOOMBERG SHORT TERM HIGH YIELD BO",Cash,0,,0.000,USD,,0,,,,0.84,2896.48,
03/06/2025,"DEBIT CARD PURCHASE JOYCE KOONS AUTOMOTIVE JOYCEKOONS.CO VA03042524492161ZEHMZJ (Cash)",,"No Description",Cash,0,,0.000,USD,,0,,,,-59.49,2895.64,
03/06/2025,"DEBIT CARD PURCHASE Amazon.com*WJ1HC6QU3 AMZN.COM/BILL WA03042524692161Z30BFN (Cash)",,"No Description",Cash,0,,0.000,USD,,0,,,,-60,2955.13,
03/05/2025,"REINVESTMENT VANGUARD SCOTTSDALE FDS VANGUARD SHO... (VCSH) (Cash)",VCSH,"VANGUARD SCOTTSDALE FDS VANGUARD SHORT-",Cash,0,,0.001,USD,78.74,0,,,,-0.07,3015.13,
03/05/2025,"DIVIDEND RECEIVED VANGUARD SCOTTSDALE FDS VANGUARD SHO... (VCSH) (Cash)",VCSH,"VANGUARD SCOTTSDALE FDS VANGUARD SHORT-",Cash,0,,0.000,USD,,0,,,,0.07,3015.20,
03/05/2025,"REINVESTMENT VANGUARD CHARLOTTE FDS TOTAL INTL BD ETF (BNDX) (Cash)",BNDX,"VANGUARD CHARLOTTE FDS TOTAL INTL BD ETF",Cash,0,,0.005,USD,49.13,0,,,,-0.25,3015.13,
03/05/2025,"DIVIDEND RECEIVED VANGUARD CHARLOTTE FDS TOTAL INTL BD ETF (BNDX) (Cash)",BNDX,"VANGUARD CHARLOTTE FDS TOTAL INTL BD ETF",Cash,0,,0.000,USD,,0,,,,0.25,3015.38,
03/05/2025,"REINVESTMENT J P MORGAN EXCHANGE TRADED FD INTL B... (JPIB) (Cash)",JPIB,"J P MORGAN EXCHANGE TRADED FD INTL BD O",Cash,0,,0.007,USD,48.03,0,,,,-0.32,3015.13,
03/05/2025,"DIVIDEND RECEIVED J P MORGAN EXCHANGE TRADED FD INTL B... (JPIB) (Cash)",JPIB,"J P MORGAN EXCHANGE TRADED FD INTL BD O",Cash,0,,0.000,USD,,0,,,,0.32,3015.45,
03/05/2025,"REINVESTMENT IRADIMED CORP (IRMD) (Cash)",IRMD,"IRADIMED CORP",Cash,0,,0.004,USD,52.62,0,,,,-0.23,3015.13,
03/05/2025,"DIVIDEND RECEIVED IRADIMED CORP (IRMD) (Cash)",IRMD,"IRADIMED CORP",Cash,0,,0.000,USD,,0,,,,0.23,3015.36,
03/05/2025,"REINVESTMENT as of Mar-01-2025 FORTIS INC COM ISIN #CA3495531079 SE... (FTS) (Cash)",FTS,"FORTIS INC COM ISIN #CA3495531079 SEDOL",Cash,0,,0.018,USD,44.18,0,,,,-0.79,3015.13,
03/05/2025,"FOREIGN TAX PAID as of Mar-01-2025 FORTIS INC COM ISIN #CA3495531079 SE... (FTS) (Cash)",FTS,"FORTIS INC COM ISIN #CA3495531079 SEDOL",Cash,0,,0.000,USD,,0,,,,-0.14,3015.92,
03/05/2025,"DIVIDEND RECEIVED as of Mar-01-2025 FORTIS INC COM ISIN #CA3495531079 SE... (FTS) (Cash)",FTS,"FORTIS INC COM ISIN #CA3495531079 SEDOL",Cash,0,,0.000,USD,,0,,,,0.93,3016.06,
03/05/2025,"YOU SOLD TRANSPORTADORA DE GAS DEL SUR S.A SP... (TGS) (Cash)",TGS,"TRANSPORTADORA DE GAS DEL SUR S.A SPONS",Cash,0,,-1,USD,25.31,0,,,,25.31,3015.13,03/06/2025
03/05/2025,"YOU BOUGHT PETROLEO BRASILEIRO SA PETROBRAS SPO... (PBR) (Cash)",PBR,"PETROLEO BRASILEIRO SA PETROBRAS SPON A",Cash,0,,1,USD,12.98,0,,,,-12.98,2989.82,03/06/2025
03/05/2025,"YOU BOUGHT PETROLEO BRASILEIRO SA PETROBRAS SPO... (PBR) (Cash)",PBR,"PETROLEO BRASILEIRO SA PETROBRAS SPON A",Cash,0,,0.949,USD,12.98,0,,,,-12.32,3002.80,03/06/2025
03/05/2025,"DEBIT CARD PURCHASE Amazon.com*S98537QO3 Amzn.com/bill WA03032524692161Z2ZMX0 (Cash)",,"No Description",Cash,0,,0.000,USD,,0,,,,-5.99,3015.12,
03/05/2025,"DEBIT CARD PURCHASE PAYPAL *ENTIRELYDIG 4029357733 CA03032524198801YETYVG (Cash)",,"No Description",Cash,0,,0.000,USD,,0,,,,-11,3021.11,
03/05/2025,"DEBIT CARD PURCHASE PAYPAL *ENTIRELYDIG 4029357733 CA03032524198801YETYVM (Cash)",,"No Description",Cash,0,,0.000,USD,,0,,,,-11,3032.11,
03/05/2025,"DEBIT CARD PURCHASE AMAZON MKTPL*Z109A2NN3 Amzn.com/bill WA03032524692161Z2ZNKM (Cash)",,"No Description",Cash,0,,0.000,USD,,0,,,,-31.79,3043.11,
03/05/2025,"DEBIT CARD PURCHASE VIRGINIA RAILWAY EXPRE 800-7433873 VA03032524013391Y00KDE (Cash)",,"No Description",Cash,0,,0.000,USD,,0,,,,-42,3074.90,
03/05/2025,"DEBIT CARD PURCHASE WENDYS 6526 MANASSAS VA03022524943001Y4M71K (Cash)",,"No Description",Cash,0,,0.000,USD,,0,,,,-47.23,3116.90,
03/04/2025,"DIVIDEND RECEIVED BOOZ ALLEN HAMILTON HLDG CORP CL A (BAH) (Cash)",BAH,"BOOZ ALLEN HAMILTON HLDG CORP CL A",Cash,0,,0.000,USD,,0,,,,0.02,3164.13,
03/04/2025,"TRANSFERRED TO TRANSFER (Cash)", ,"No Description",Cash,0,,0.000,USD,,0,,,,-12.5,3164.11,
03/04/2025,"DEBIT CARD PURCHASE Amazon web services aws.amazon.co WA03022524692161X2YL83 (Cash)",,"No Description",Cash,0,,0.000,USD,,0,,,,-35.21,3176.61,
03/04/2025,"DEBIT CARD PURCHASE POS0308 PAYPAL *PYPL P 8882211161 CA03032524251311YF6JVR (Cash)",,"No Description",Cash,0,,0.000,USD,,0,,,,-59.58,3211.82,
03/04/2025,"DEBIT CARD PURCHASE POS1 FOOD LION #138 MANASSAS VA03012524251311YF6JVR (Cash)",,"No Description",Cash,0,,0.000,USD,,0,,,,-134.53,3271.40,
03/03/2025,"REINVESTMENT as of Feb-27-2025 PETROLEO BRASILEIRO SA PETROBRAS SPO... (PBR) (Cash)",PBR,"PETROLEO BRASILEIRO SA PETROBRAS SPON A",Cash,0,,0.05,USD,13.36,0,,,,-0.67,3405.93,
03/03/2025,"FEE CHARGED as of Feb-27-2025 PETROLEO BRASILEIRO SA PETROBRAS SPO... (PBR) (Cash)",PBR,"PETROLEO BRASILEIRO SA PETROBRAS SPON A",Cash,0,,0.000,USD,,0,,,,-0.02,3406.60,
03/03/2025,"FOREIGN TAX PAID as of Feb-27-2025 PETROLEO BRASILEIRO SA PETROBRAS SPO... (PBR) (Cash)",PBR,"PETROLEO BRASILEIRO SA PETROBRAS SPON A",Cash,0,,0.000,USD,,0,,,,-0.12,3406.62,
03/03/2025,"DIVIDEND RECEIVED as of Feb-27-2025 PETROLEO BRASILEIRO SA PETROBRAS SPO... (PBR) (Cash)",PBR,"PETROLEO BRASILEIRO SA PETROBRAS SPON A",Cash,0,,0.000,USD,,0,,,,0.81,3406.74,
03/03/2025,"DEBIT CARD PURCHASE ACI*MANASSASREDLITSF 866-790-4111 AZ02272524445001V8PSVY (Cash)",,"No Description",Cash,0,,0.000,USD,,0,,,,-5,3405.93,
03/03/2025,"TRANSFERRED TO VS Z28-391843-1 (Cash)", ,"No Description",Cash,0,,0.000,USD,,0,,,,-8.46,3410.93,
03/03/2025,"DEBIT CARD PURCHASE ACI*MANASSASREDLIGHT 866-790-4111 AZ02272524445001V8PSVY (Cash)",,"No Description",Cash,0,,0.000,USD,,0,,,,-50,3419.39,
03/03/2025,"TRANSFERRED TO VS Z23-693697-1 (Cash)", ,"No Description",Cash,0,,0.000,USD,,0,,,,-67.89,3469.39,
03/03/2025,"DEBIT CARD PURCHASE PAYPAL *Roetto Michael Visa Direct CA03012524248181W004AE (Cash)",,"No Description",Cash,0,,0.000,USD,,0,,,,-91,3537.28,
03/03/2025,"DIRECT DEBIT STATE FARM RO SFPP (Cash)", ,"No Description",Cash,0,,0.000,USD,,0,,,,-270.24,3628.28,
03/03/2025,"TRANSFERRED TO VS Z23-693697-1 (Cash)", ,"No Description",Cash,0,,0.000,USD,,0,,,,-750,3898.52,
02/28/2025,"REINVESTMENT TAITRON COMPONENTS INC (TAIT) (Cash)",TAIT,"TAITRON COMPONENTS INC",Cash,0,,0.414,USD,2.61,0,,,,-1.08,4648.52,
02/28/2025,"DIVIDEND RECEIVED TAITRON COMPONENTS INC (TAIT) (Cash)",TAIT,"TAITRON COMPONENTS INC",Cash,0,,0.000,USD,,0,,,,1.08,4649.60,
02/28/2025,"REINVESTMENT INVESCO EXCH TRADED FD TR II GLOBAL ... (PGHY) (Cash)",PGHY,"INVESCO EXCH TRADED FD TR II GLOBAL EX ",Cash,0,,0.043,USD,20,0,,,,-0.85,4648.52,
02/28/2025,"DIVIDEND RECEIVED INVESCO EXCH TRADED FD TR II GLOBAL ... (PGHY) (Cash)",PGHY,"INVESCO EXCH TRADED FD TR II GLOBAL EX ",Cash,0,,0.000,USD,,0,,,,0.85,4649.37,
02/28/2025,"REINVESTMENT FID L/T TREASURY BOND INDEX FUND (FNBGX) (Cash)",FNBGX,"FID L/T TREASURY BOND INDEX FUND",Cash,0,,0.047,USD,9.64,0,,,,-0.45,4648.52,
02/28/2025,"DIVIDEND RECEIVED FID L/T TREASURY BOND INDEX FUND (FNBGX) (Cash)",FNBGX,"FID L/T TREASURY BOND INDEX FUND",Cash,0,,0.000,USD,,0,,,,0.45,4648.97,
02/28/2025,"DIVIDEND RECEIVED FIDELITY GOVERNMENT MONEY MARKET (SPAXX) (Cash)",SPAXX,"FIDELITY GOVERNMENT MONEY MARKET",Cash,0,,0.000,USD,,0,,,,8.46,4648.52,
02/28/2025,"REINVESTMENT FIDELITY CAPITAL & INCOME (FAGIX) (Cash)",FAGIX,"FIDELITY CAPITAL & INCOME",Cash,0,,0.037,USD,10.19,0,,,,-0.38,4640.06,
02/28/2025,"DIVIDEND RECEIVED FIDELITY CAPITAL & INCOME (FAGIX) (Cash)",FAGIX,"FIDELITY CAPITAL & INCOME",Cash,0,,0.000,USD,,0,,,,0.38,4640.44,
02/28/2025,"TRANSFERRED TO VS Z28-391843 REDEMPTION (Cash)", ,"No Description",Cash,0,,0.000,USD,,0,,,,-33,4640.06,
02/28/2025,"DEBIT CARD PURCHASE Amazon.com*5S5I815B3 AMZN.COM/BILL WA02262524692161T33T5J (Cash)",,"No Description",Cash,0,,0.000,USD,,0,,,,-65.8,4673.06,
02/27/2025,"YOU BOUGHT PETROLEO BRASILEIRO SA PETROBRAS SPO... (PBR) (Cash)",PBR,"PETROLEO BRASILEIRO SA PETROBRAS SPON A",Cash,0,,2,USD,13.14,0,,,,-26.28,4738.86,02/28/2025
02/27/2025,"YOU BOUGHT PETROLEO BRASILEIRO SA PETROBRAS SPO... (PBR) (Cash)",PBR,"PETROLEO BRASILEIRO SA PETROBRAS SPON A",Cash,0,,0.357,USD,13.14,0,,,,-4.69,4765.14,02/28/2025
02/27/2025,"YOU SOLD PALO ALTO NETWORKS INC COM USD0.0001 (PANW) (Cash)",PANW,"PALO ALTO NETWORKS INC COM USD0.0001",Cash,0,,-0.126,USD,190.62,0,,,,24.02,4769.83,02/28/2025
02/27/2025,"YOU SOLD INTERPARFUMS, INC. COMMON STOCK (IPAR) (Cash)",IPAR,"INTERPARFUMS, INC. COMMON STOCK",Cash,0,,-0.048,USD,144.9,0,,,,6.95,4745.81,02/28/2025
02/27/2025,"TRANSFERRED TO VS Z23-693697-1 (Cash)", ,"No Description",Cash,0,,0.000,USD,,0,,,,-123,4738.86,
02/27/2025,"TRANSFERRED TO VS Z23-693697-1 (Cash)", ,"No Description",Cash,0,,0.000,USD,,0,,,,-300,4861.86,
02/27/2025,"BILL PAYMENT CAPITAL ONE AUTO FINANC (Cash)", ,"No Description",Cash,0,,0.000,USD,,0,,,,-775,5161.86,
02/27/2025,"DIRECT DEPOSIT COM2 TREAS 3 FED SAL (Cash)", ,"No Description",Cash,0,,0.000,USD,,0,,,,4320.24,5936.86,
02/26/2025,"REINVESTMENT NEXSTAR MEDIA GROUP INC COMMON STOCK (NXST) (Cash)",NXST,"NEXSTAR MEDIA GROUP INC COMMON STOCK",Cash,0,,0.004,USD,149.89,0,,,,-0.63,1616.62,
02/26/2025,"DIVIDEND RECEIVED NEXSTAR MEDIA GROUP INC COMMON STOCK (NXST) (Cash)",NXST,"NEXSTAR MEDIA GROUP INC COMMON STOCK",Cash,0,,0.000,USD,,0,,,,0.63,1617.25,
02/26/2025,"DEBIT CARD PURCHASE POS0308 PAYPAL *PYPL P 8882211161 CA02252524251311RF6JVN (Cash)",,"No Description",Cash,0,,0.000,USD,,0,,,,-36.23,1616.62,
02/25/2025,"TRANSFERRED TO TRANSFER (Cash)", ,"No Description",Cash,0,,0.000,USD,,0,,,,-12.5,1652.85,
02/25/2025,"DEBIT CARD PURCHASE POS3573 WAL-MART #3573 MANASSAS VA02232524251311PF6JVN (Cash)",,"No Description",Cash,0,,0.000,USD,,0,,,,-140.27,1665.35,
02/25/2025,"BILL PAYMENT VERIZON WIRELESS (Cash)", ,"No Description",Cash,0,,0.000,USD,,0,,,,-163,1805.62,
02/25/2025,"BILL PAYMENT VERIZON WIRELESS (Cash)", ,"No Description",Cash,0,,0.000,USD,,0,,,,-552.51,1968.62,
02/24/2025,"DEBIT CARD PURCHASE PAYPAL *PYPL PAYIN4 888-221-1161 CA02212524027621L1YTAX (Cash)",,"No Description",Cash,0,,0.000,USD,,0,,,,-13.25,2521.13,
02/24/2025,"DEBIT CARD PURCHASE CLAUDE.AI SUBSCRIPTION ANTHROPIC.COM CA02202524011341LEHM8R (Cash)",,"No Description",Cash,0,,0.000,USD,,0,,,,-20,2534.38,
02/24/2025,"DEBIT CARD PURCHASE POS5487 MCDONALD'S F18 MANASSAS VA02212524251311LF6JVM (Cash)",,"No Description",Cash,0,,0.000,USD,,0,,,,-22.86,2554.38,
02/24/2025,"DEBIT CARD PURCHASE POS4208 PAYPAL *PYPL P San Jose CA02202524251311LF6JVM (Cash)",,"No Description",Cash,0,,0.000,USD,,0,,,,-177.52,2577.24,
02/21/2025,"DIVIDEND RECEIVED as of Feb-19-2025 ASML HOLDING NV EUR0.09 NY REGISTRY ... (ASML) (Cash)",ASML,"ASML HOLDING NV EUR0.09 NY REGISTRY SHS",Cash,0,,0.000,USD,,0,,,,0.03,2754.76,
02/21/2025,"TRANSFERRED TO TRANSFER (Cash)", ,"No Description",Cash,0,,0.000,USD,,0,,,,-25,2754.73,
02/21/2025,"TRANSFERRED TO VS Z23-693697-1 (Cash)", ,"No Description",Cash,0,,0.000,USD,,0,,,,-45,2779.73,
02/21/2025,"DEBIT CARD PURCHASE PAPA JOHN'S #1683 703-392-7272 VA02192524445001KHEWBL (Cash)",,"No Description",Cash,0,,0.000,USD,,0,,,,-68.82,2824.73,
02/21/2025,"BILL PAYMENT PWC SERVICE AUTHORITY (Cash)", ,"No Description",Cash,0,,0.000,USD,,0,,,,-131.65,2893.55,
02/20/2025,"DEBIT CARD PURCHASE POS3573 WAL-MART #3573 MANASSAS VA02192524251311JF6JVL (Cash)",,"No Description",Cash,0,,0.000,USD,,0,,,,-37.85,3025.20,
02/19/2025,"DEBIT CARD PURCHASE Amazon.com*0C4907EI3 Amzn.com/bill WA02182524692161H2XFXL (Cash)",,"No Description",Cash,0,,0.000,USD,,0,,,,-16.71,3063.05,
02/19/2025,"DEBIT CARD PURCHASE Amazon.com*858OB0DT3 Amzn.com/bill WA02182524692161H2XFZN (Cash)",,"No Description",Cash,0,,0.000,USD,,0,,,,-21.52,3079.76,
02/19/2025,"DEBIT CARD PURCHASE POS0122 MCDONALD'S M50 MANASSAS VA02152524251311HF6JVL (Cash)",,"No Description",Cash,0,,0.000,USD,,0,,,,-22.48,3101.28,
02/19/2025,"DEBIT CARD PURCHASE POS1 FOOD LION #138 MANASSAS VA02152524251311HF6JVL (Cash)",,"No Description",Cash,0,,0.000,USD,,0,,,,-40.74,3123.76,
02/19/2025,"DEBIT CARD PURCHASE POS7300 Wal-Mart Super MANASSAS VA02172524251311HF6JVL (Cash)",,"No Description",Cash,0,,0.000,USD,,0,,,,-57.44,3164.50,
02/19/2025,"DEBIT CARD PURCHASE POS4208 PAYPAL *PYPL P San Jose CA02172524251311HF6JVL (Cash)",,"No Description",Cash,0,,0.000,USD,,0,,,,-59.58,3221.94,
02/18/2025,"DEBIT CARD PURCHASE Spotify P341FD3DA7 New York NY02172524388861G24FT5 (Cash)",,"No Description",Cash,0,,0.000,USD,,0,,,,-19.99,3281.52,
02/18/2025,"TRANSFERRED TO VS Z23-693697-1 (Cash)", ,"No Description",Cash,0,,0.000,USD,,0,,,,-21,3301.51,
02/18/2025,"DEBIT CARD PURCHASE GOOGLE *YouTubePremium g.co/helppay# CA02172524692161G3600Y (Cash)",,"No Description",Cash,0,,0.000,USD,,0,,,,-22.99,3322.51,
02/18/2025,"DEBIT CARD PURCHASE OLD VIRGINIA TOBACCO C MANASSAS VA02162524377351G00015 (Cash)",,"No Description",Cash,0,,0.000,USD,,0,,,,-57.41,3345.50,
02/18/2025,"TRANSFERRED TO VS Z24-733398-1 (Cash)", ,"No Description",Cash,0,,0.000,USD,,0,,,,-90,3402.91,
02/14/2025,"REINVESTMENT TXNM ENERGY INC COM (TXNM) (Cash)",TXNM,"TXNM ENERGY INC COM",Cash,0,,0.025,USD,49.84,0,,,,-1.25,3492.91,
02/14/2025,"DIVIDEND RECEIVED TXNM ENERGY INC COM (TXNM) (Cash)",TXNM,"TXNM ENERGY INC COM",Cash,0,,0.000,USD,,0,,,,1.25,3494.16,
02/14/2025,"YOU BOUGHT UNITED STS LIME &MINERALS INC COM (USLM) (Cash)",USLM,"UNITED STS LIME &MINERALS INC COM",Cash,0,,0.072,USD,103.14,0,,,,-7.43,3492.91,02/18/2025
02/14/2025,"YOU BOUGHT TRANSPORTADORA DE GAS DEL SUR S.A SP... (TGS) (Cash)",TGS,"TRANSPORTADORA DE GAS DEL SUR S.A SPONS",Cash,0,,0.603,USD,27.19,0,,,,-16.4,3500.34,02/18/2025
02/14/2025,"YOU SOLD SUPER MICRO COMPUTER INC COM NEW (SMCI) (Cash)",SMCI,"SUPER MICRO COMPUTER INC COM NEW",Cash,0,,-0.427,USD,46.75,0,,,,19.96,3516.74,02/18/2025
02/14/2025,"YOU BOUGHT IRADIMED CORP (IRMD) (Cash)",IRMD,"IRADIMED CORP",Cash,0,,0.163,USD,55.15,0,,,,-8.99,3496.78,02/18/2025
02/14/2025,"YOU BOUGHT IES HLDGS INC COM (IESC) (Cash)",IESC,"IES HLDGS INC COM",Cash,0,,0.07,USD,226.79,0,,,,-15.88,3505.77,02/18/2025
02/14/2025,"YOU SOLD EX-DIV DATE 02/18/25RECORD DATE 02/18/25PAYABLE DTE 03/01/25 FORTIS INC COM ISIN #CA3495531079 SE... (FTS) (Cash)",FTS,"FORTIS INC COM ISIN #CA3495531079 SEDOL",Cash,0,,-0.273,USD,45.19,0,,,,12.34,3521.65,02/18/2025
02/14/2025,"YOU BOUGHT FLEXSHARES IBOXX 5-YEAR TARG (TDTF) (Cash)",TDTF,"FLEXSHARES IBOXX 5-YEAR TARG",Cash,0,,0.422,USD,23.68,0,,,,-9.99,3509.31,02/18/2025
02/14/2025,"YOU SOLD BRT APARTMENTS CORP COM (BRT) (Cash)",BRT,"BRT APARTMENTS CORP COM",Cash,0,,-0.46,USD,18.12,0,,,,8.34,3519.30,02/18/2025
02/14/2025,"YOU SOLD BRT APARTMENTS CORP COM (BRT) (Cash)",BRT,"BRT APARTMENTS CORP COM",Cash,0,,-1,USD,18.13,0,,,,18.13,3510.96,02/18/2025
02/14/2025,"BILL PAYMENT WELLS FARGO AUTO (Cash)", ,"No Description",Cash,0,,0.000,USD,,0,,,,-933,3492.83,
02/13/2025,"DEBIT CARD PURCHASE PLEXINC*PASS MONTHLY PLEX.TV CA02112524116411AMMB9X (Cash)",,"No Description",Cash,0,,0.000,USD,,0,,,,-4.99,4425.83,
02/13/2025,"DEBIT CARD PURCHASE POS2 NETFLIX CO LOS GATOS CA02122524251311BF6JVJ (Cash)",,"No Description",Cash,0,,0.000,USD,,0,,,,-15.49,4430.82,
02/13/2025,"TRANSFERRED TO VS Z21-990055-1 (Cash)", ,"No Description",Cash,0,,0.000,USD,,0,,,,-25,4446.31,
02/13/2025,"DEBIT CARD PURCHASE POS2 AFFIRM P SAN FRANCISC CA02122524251311BF6JVJ (Cash)",,"No Description",Cash,0,,0.000,USD,,0,,,,-38.7,4471.31,
02/13/2025,"TRANSFERRED TO VS Z23-693697-1 (Cash)", ,"No Description",Cash,0,,0.000,USD,,0,,,,-700,4510.01,
02/13/2025,"DIRECT DEPOSIT COM2 TREAS 3 FED SAL (Cash)", ,"No Description",Cash,0,,0.000,USD,,0,,,,4320.24,5210.01,
02/12/2025,"DEBIT CARD PURCHASE AMAZON MKTPL*FJ6KC6833 Amzn.com/bill WA02112524692161A31GDJ (Cash)",,"No Description",Cash,0,,0.000,USD,,0,,,,-9.92,889.77,
02/12/2025,"DEBIT CARD PURCHASE OTT* SOFTWHITEUNDERBEL SOFTWHITEUNDE CA021025240646619EHMG0 (Cash)",,"No Description",Cash,0,,0.000,USD,,0,,,,-10,899.69,
02/12/2025,"TRANSFERRED TO VS Z23-693697-1 (Cash)", ,"No Description",Cash,0,,0.000,USD,,0,,,,-125,909.69,
02/11/2025,"FEE CHARGED TRANSPORTADORA DE GAS DEL SUR S.A SP... (TGS) (Cash)",TGS,"TRANSPORTADORA DE GAS DEL SUR S.A SPONS",Cash,0,,0.000,USD,,0,,,,-0.14,1034.69,
02/11/2025,"DEBIT CARD PURCHASE CHILIS 1816 ECOMM https://prod. VA0208252423168186Y2N5 (Cash)",,"No Description",Cash,0,,0.000,USD,,0,,,,-27,1034.83,
02/11/2025,"DEBIT CARD PURCHASE POS4ADE MAYHUGH'S CITG NOKESVILLE VA020825242513119F6JVJ (Cash)",,"No Description",Cash,0,,0.000,USD,,0,,,,-35,1061.83,
02/11/2025,"DEBIT CARD PURCHASE POS0308 PAYPAL *PYPL P 8882211161 CA021025242513119F6JVJ (Cash)",,"No Description",Cash,0,,0.000,USD,,0,,,,-36.24,1096.83,
02/10/2025,"YOU BOUGHT UNITED STS LIME &MINERALS INC COM (USLM) (Cash)",USLM,"UNITED STS LIME &MINERALS INC COM",Cash,0,,0.288,USD,103.92,0,,,,-29.93,1133.07,02/11/2025
02/10/2025,"YOU SOLD SUPER MICRO COMPUTER INC COM NEW (SMCI) (Cash)",SMCI,"SUPER MICRO COMPUTER INC COM NEW",Cash,0,,-0.752,USD,39.88,0,,,,29.99,1163.00,02/11/2025
02/10/2025,"YOU SOLD SS&C TECHNOLOGIES HLDGS INC COM (SSNC) (Cash)",SSNC,"SS&C TECHNOLOGIES HLDGS INC COM",Cash,0,,-0.113,USD,85.82,0,,,,9.7,1133.01,02/11/2025
02/10/2025,"DEBIT CARD PURCHASE Patreon* Membership Internet CA0209252438886182308E (Cash)",,"No Description",Cash,0,,0.000,USD,,0,,,,-5,1123.31,
02/10/2025,"TRANSFERRED TO VS 239-574793-1 PRIOR CONTRIBUTION (Cash)", ,"No Description",Cash,0,,0.000,USD,,0,,,,-10,1128.31,
02/10/2025,"TRANSFERRED TO VS Z23-693697-1 (Cash)", ,"No Description",Cash,0,,0.000,USD,,0,,,,-100,1138.31,
02/10/2025,"TRANSFERRED TO VS Z23-693697-1 (Cash)", ,"No Description",Cash,0,,0.000,USD,,0,,,,-300.01,1238.31,
02/07/2025,"REINVESTMENT FLEXSHARES CREDIT-SCORED US LONG COR... (LKOR) (Cash)",LKOR,"FLEXSHARES CREDIT-SCORED US LONG CORP B",Cash,0,,0.024,USD,42.6,0,,,,-1.04,1538.32,
02/07/2025,"DIVIDEND RECEIVED FLEXSHARES CREDIT-SCORED US LONG COR... (LKOR) (Cash)",LKOR,"FLEXSHARES CREDIT-SCORED US LONG CORP B",Cash,0,,0.000,USD,,0,,,,1.04,1539.36,
02/07/2025,"REINVESTMENT FLEXSHARES IBOXX 5-YEAR TARG (TDTF) (Cash)",TDTF,"FLEXSHARES IBOXX 5-YEAR TARG",Cash,0,,0.002,USD,23.68,0,,,,-0.04,1538.32,
02/07/2025,"DIVIDEND RECEIVED FLEXSHARES IBOXX 5-YEAR TARG (TDTF) (Cash)",TDTF,"FLEXSHARES IBOXX 5-YEAR TARG",Cash,0,,0.000,USD,,0,,,,0.04,1538.36,
02/07/2025,"REINVESTMENT CARRIER GLOBAL CORPORATION COM (CARR) (Cash)",CARR,"CARRIER GLOBAL CORPORATION COM",Cash,0,,0.005,USD,64.91,0,,,,-0.3,1538.32,
02/07/2025,"DIVIDEND RECEIVED CARRIER GLOBAL CORPORATION COM (CARR) (Cash)",CARR,"CARRIER GLOBAL CORPORATION COM",Cash,0,,0.000,USD,,0,,,,0.3,1538.62,
02/07/2025,"DEBIT CARD PURCHASE POSM6K6 7-ELEVEN Manassas VA020525242513115F6JVG (Cash)",,"No Description",Cash,0,,0.000,USD,,0,,,,-12.39,1538.32,
02/07/2025,"DEBIT CARD PURCHASE PAYPAL *PYPL PAYIN4 888-221-1161 CA0205252402762151Z3TQ (Cash)",,"No Description",Cash,0,,0.000,USD,,0,,,,-12.84,1550.71,
02/07/2025,"BILL PAYMENT NOVEC (Cash)", ,"No Description",Cash,0,,0.000,USD,,0,,,,-145.17,1563.55,
02/07/2025,"BILL PAYMENT NOVEC (Cash)", ,"No Description",Cash,0,,0.000,USD,,0,,,,-204.33,1708.72,
02/06/2025,"REINVESTMENT VANECK ETF TR FALLEN ANGEL HIGH YLD ... (ANGL) (Cash)",ANGL,"VANECK ETF TR FALLEN ANGEL HIGH YLD BD ",Cash,0,,0.048,USD,29.01,0,,,,-1.38,1913.05,
02/06/2025,"DIVIDEND RECEIVED VANECK ETF TR FALLEN ANGEL HIGH YLD ... (ANGL) (Cash)",ANGL,"VANECK ETF TR FALLEN ANGEL HIGH YLD BD ",Cash,0,,0.000,USD,,0,,,,1.38,1914.43,
02/06/2025,"REINVESTMENT SPDR BLOOMBERG SHORT TERM HIGH YIELD... (SJNK) (Cash)",SJNK,"SPDR BLOOMBERG SHORT TERM HIGH YIELD BO",Cash,0,,0.033,USD,25.51,0,,,,-0.83,1913.05,
02/06/2025,"DIVIDEND RECEIVED SPDR BLOOMBERG SHORT TERM HIGH YIELD... (SJNK) (Cash)",SJNK,"SPDR BLOOMBERG SHORT TERM HIGH YIELD BO",Cash,0,,0.000,USD,,0,,,,0.83,1913.88,
02/06/2025,"YOU SOLD SUPER MICRO COMPUTER INC COM NEW (SMCI) (Cash)",SMCI,"SUPER MICRO COMPUTER INC COM NEW",Cash,0,,-0.739,USD,33.8,0,,,,24.98,1913.05,02/07/2025
02/06/2025,"YOU BOUGHT NVIDIA CORPORATION COM (NVDA) (Cash)",NVDA,"NVIDIA CORPORATION COM",Cash,0,,0.197,USD,126.66,0,,,,-24.95,1888.07,02/07/2025
02/06/2025,"DEBIT CARD PURCHASE PAYPAL *Roetto Michael Visa Direct CA020425242481813003SW (Cash)",,"No Description",Cash,0,,0.000,USD,,0,,,,-10,1913.02,
02/05/2025,"REINVESTMENT VANGUARD SCOTTSDALE FDS VANGUARD SHO... (VCSH) (Cash)",VCSH,"VANGUARD SCOTTSDALE FDS VANGUARD SHORT-",Cash,0,,0.001,USD,78.2,0,,,,-0.08,1923.02,
02/05/2025,"DIVIDEND RECEIVED VANGUARD SCOTTSDALE FDS VANGUARD SHO... (VCSH) (Cash)",VCSH,"VANGUARD SCOTTSDALE FDS VANGUARD SHORT-",Cash,0,,0.000,USD,,0,,,,0.08,1923.10,
02/05/2025,"REINVESTMENT VANGUARD CHARLOTTE FDS TOTAL INTL BD ETF (BNDX) (Cash)",BNDX,"VANGUARD CHARLOTTE FDS TOTAL INTL BD ETF",Cash,0,,0.005,USD,49.25,0,,,,-0.25,1923.02,
02/05/2025,"DIVIDEND RECEIVED VANGUARD CHARLOTTE FDS TOTAL INTL BD ETF (BNDX) (Cash)",BNDX,"VANGUARD CHARLOTTE FDS TOTAL INTL BD ETF",Cash,0,,0.000,USD,,0,,,,0.25,1923.27,
02/05/2025,"REINVESTMENT J P MORGAN EXCHANGE TRADED FD INTL B... (JPIB) (Cash)",JPIB,"J P MORGAN EXCHANGE TRADED FD INTL BD O",Cash,0,,0.006,USD,47.73,0,,,,-0.31,1923.02,
02/05/2025,"DIVIDEND RECEIVED J P MORGAN EXCHANGE TRADED FD INTL B... (JPIB) (Cash)",JPIB,"J P MORGAN EXCHANGE TRADED FD INTL BD O",Cash,0,,0.000,USD,,0,,,,0.31,1923.33,
02/05/2025,"YOU BOUGHT VANGUARD CHARLOTTE FDS TOTAL INTL BD ETF (BNDX) (Cash)",BNDX,"VANGUARD CHARLOTTE FDS TOTAL INTL BD ETF",Cash,0,,0.141,USD,49.4,0,,,,-6.97,1923.02,02/06/2025
02/05/2025,"YOU BOUGHT IES HLDGS INC COM (IESC) (Cash)",IESC,"IES HLDGS INC COM",Cash,0,,0.032,USD,227.95,0,,,,-7.29,1929.99,02/06/2025
02/05/2025,"YOU SOLD FORTIS INC COM ISIN #CA3495531079 SE... (FTS) (Cash)",FTS,"FORTIS INC COM ISIN #CA3495531079 SEDOL",Cash,0,,-0.176,USD,43.5,0,,,,7.66,1937.28,02/06/2025
02/05/2025,"YOU SOLD BROADCOM INC COM (AVGO) (Cash)",AVGO,"BROADCOM INC COM",Cash,0,,-0.01,USD,231.7,0,,,,2.32,1929.62,02/06/2025
02/05/2025,"YOU SOLD ABRDN SILVER ETF TR ABRDN PHYSICAL S... (SIVR) (Cash)",SIVR,"ABRDN SILVER ETF TR ABRDN PHYSICAL SILV",Cash,0,,-0.146,USD,30.9,0,,,,4.51,1927.30,02/06/2025
02/05/2025,"BILL PAYMENT SELECT PORTFOLIO SERVIC (Cash)", ,"No Description",Cash,0,,0.000,USD,,0,,,,-1578,1922.79,
02/04/2025,"TRANSFERRED TO VS Z23-693697-1 (Cash)", ,"No Description",Cash,0,,0.000,USD,,0,,,,-21,3500.79,
02/04/2025,"DEBIT CARD PURCHASE Amazon web services aws.amazon.co WA020225246921611341B1 (Cash)",,"No Description",Cash,0,,0.000,USD,,0,,,,-38.55,3521.79,
02/04/2025,"DEBIT CARD PURCHASE POS1 GIANT LANDOVER MANASSAS VA020225242513112F6JVF (Cash)",,"No Description",Cash,0,,0.000,USD,,0,,,,-53.57,3560.34,
02/04/2025,"DEBIT CARD PURCHASE OLD VIRGINIA TOBACCO C MANASSAS VA02022524377351200017 (Cash)",,"No Description",Cash,0,,0.000,USD,,0,,,,-57.41,3613.91,
02/04/2025,"DEBIT CARD PURCHASE Amazon.com*F49MY4JX3 AMZN.COM/BILL WA020225246921611347SH (Cash)",,"No Description",Cash,0,,0.000,USD,,0,,,,-60,3671.32,
02/03/2025,"TRANSFERRED TO VS Z28-391843-1 (Cash)", ,"No Description",Cash,0,,0.000,USD,,0,,,,-13.49,3731.32,
02/03/2025,"TRANSFERRED TO VS Z21-990055-1 (Cash)", ,"No Description",Cash,0,,0.000,USD,,0,,,,-123.45,3744.81,
02/03/2025,"DEBIT CARD PURCHASE CARRABBAS 9704 CENTREVILLE VA01292524692160Y31EA4 (Cash)",,"No Description",Cash,0,,0.000,USD,,0,,,,-152.61,3868.26,
02/03/2025,"DEBIT CARD PURCHASE PAYPAL *Roetto Michael Visa Direct CA020125242481810003S2 (Cash)",,"No Description",Cash,0,,0.000,USD,,0,,,,-200,4020.87,
02/03/2025,"TRANSFERRED TO VS Z23-693697-1 (Cash)", ,"No Description",Cash,0,,0.000,USD,,0,,,,-999.99,4220.87,
01/31/2025,"DIVIDEND RECEIVED WD 40 CO COM (WDFC) (Cash)",WDFC,"WD 40 CO COM",Cash,0,,0.000,USD,,0,,,,0.1,5220.86,
01/31/2025,"REINVESTMENT NATIONAL HEALTHCARE CORP (NHC) (Cash)",NHC,"NATIONAL HEALTHCARE CORP",Cash,0,,0.001,USD,99.29,0,,,,-0.06,5220.76,
01/31/2025,"DIVIDEND RECEIVED NATIONAL HEALTHCARE CORP (NHC) (Cash)",NHC,"NATIONAL HEALTHCARE CORP",Cash,0,,0.000,USD,,0,,,,0.06,5220.82,
01/31/2025,"REINVESTMENT FID L/T TREASURY BOND INDEX FUND (FNBGX) (Cash)",FNBGX,"FID L/T TREASURY BOND INDEX FUND",Cash,0,,0.054,USD,9.19,0,,,,-0.5,5220.76,
01/31/2025,"DIVIDEND RECEIVED FID L/T TREASURY BOND INDEX FUND (FNBGX) (Cash)",FNBGX,"FID L/T TREASURY BOND INDEX FUND",Cash,0,,0.000,USD,,0,,,,0.5,5221.26,
01/31/2025,"DIVIDEND RECEIVED FIDELITY GOVERNMENT MONEY MARKET (SPAXX) (Cash)",SPAXX,"FIDELITY GOVERNMENT MONEY MARKET",Cash,0,,0.000,USD,,0,,,,13.49,5220.76,
01/31/2025,"REINVESTMENT FIDELITY CAPITAL & INCOME (FAGIX) (Cash)",FAGIX,"FIDELITY CAPITAL & INCOME",Cash,0,,0.038,USD,10.31,0,,,,-0.39,5207.27,
01/31/2025,"DIVIDEND RECEIVED FIDELITY CAPITAL & INCOME (FAGIX) (Cash)",FAGIX,"FIDELITY CAPITAL & INCOME",Cash,0,,0.000,USD,,0,,,,0.39,5207.66,
01/31/2025,"TRANSFERRED TO VS Z28-391843 REDEMPTION (Cash)", ,"No Description",Cash,0,,0.000,USD,,0,,,,-33,5207.27,
01/31/2025,"TRANSFERRED TO VS Z23-693697-1 (Cash)", ,"No Description",Cash,0,,0.000,USD,,0,,,,-54.32,5240.27,
01/30/2025,"DEBIT CARD PURCHASE POSMTMA 7-ELEVEN Manassas Par VA01282524251310XF6JVE (Cash)",,"No Description",Cash,0,,0.000,USD,,0,,,,-20.31,5294.59,
01/30/2025,"DEBIT CARD PURCHASE POS2 AFFIRM P SAN FRANCISC CA01292524251310XF6JVE (Cash)",,"No Description",Cash,0,,0.000,USD,,0,,,,-38.68,5314.90,
01/30/2025,"TRANSFERRED TO VS Z23-693697-1 (Cash)", ,"No Description",Cash,0,,0.000,USD,,0,,,,-325,5353.58,
01/30/2025,"DIRECT DEPOSIT COM2 TREAS 3 FED SAL (Cash)", ,"No Description",Cash,0,,0.000,USD,,0,,,,4320.24,5678.58,
01/29/2025,"DIVIDEND RECEIVED QUEST DIAGNOSTICS INC COM USD0.01 (DGX) (Cash)",DGX,"QUEST DIAGNOSTICS INC COM USD0.01",Cash,0,,0.000,USD,,0,,,,0.01,1358.34,
01/29/2025,"TRANSFERRED TO VS Z23-693697-1 (Cash)", ,"No Description",Cash,0,,0.000,USD,,0,,,,-25,1358.33,
01/29/2025,"DEBIT CARD PURCHASE POS0003 Walmart.com Bentonville AR01282524251310WF6JVE (Cash)",,"No Description",Cash,0,,0.000,USD,,0,,,,-52.59,1383.33,
01/29/2025,"DIRECT DEBIT STATE FARM RO SFPP (Cash)", ,"No Description",Cash,0,,0.000,USD,,0,,,,-270.24,1435.92,
01/28/2025,"DEBIT CARD PURCHASE POSMTMA 7-ELEVEN Manassas Par VA01252524251310VF6JVD (Cash)",,"No Description",Cash,0,,0.000,USD,,0,,,,-16.12,1706.16,
01/28/2025,"DEBIT CARD PURCHASE PAYPAL *Roetto Michael Visa Direct CA01262524248180S00705 (Cash)",,"No Description",Cash,0,,0.000,USD,,0,,,,-25,1722.28,
01/28/2025,"DEBIT CARD PURCHASE POS0308 PAYPAL *PYPL P 8882211161 CA01252524251310VF6JVD (Cash)",,"No Description",Cash,0,,0.000,USD,,0,,,,-31.8,1747.28,
01/28/2025,"DEBIT CARD PURCHASE POS0308 PAYPAL *PYPL P 8882211161 CA01262524251310VF6JVD (Cash)",,"No Description",Cash,0,,0.000,USD,,0,,,,-36.24,1779.08,
01/28/2025,"DEBIT CARD PURCHASE PAYPAL *Roetto Michael Visa Direct CA01262524248180S0059B (Cash)",,"No Description",Cash,0,,0.000,USD,,0,,,,-60,1815.32,
01/28/2025,"DEBIT CARD PURCHASE Amazon.com*ZG33P2Q01 AMZN.COM/BILL WA01272524692160V2Z04R (Cash)",,"No Description",Cash,0,,0.000,USD,,0,,,,-65.8,1875.32,
01/28/2025,"BILL PAYMENT VERIZON WIRELESS (Cash)", ,"No Description",Cash,0,,0.000,USD,,0,,,,-461.17,1941.12,
01/28/2025,"DEBIT CARD RETURN HARBOR FREIGHT TOOLS 6 MANASSAS VA01262574231680V6HFKS (Cash)",,"No Description",Cash,0,,0.000,USD,,0,,,,164.28,2402.29,
01/27/2025,"YOU BOUGHT NVIDIA CORPORATION COM (NVDA) (Cash)",NVDA,"NVIDIA CORPORATION COM",Cash,0,,0.076,USD,124.94,0,,,,-9.5,2238.01,01/28/2025
01/27/2025,"YOU BOUGHT NVIDIA CORPORATION COM (NVDA) (Cash)",NVDA,"NVIDIA CORPORATION COM",Cash,0,,0.075,USD,124.94,0,,,,-9.37,2247.51,01/28/2025
01/27/2025,"YOU BOUGHT BROADCOM INC COM (AVGO) (Cash)",AVGO,"BROADCOM INC COM",Cash,0,,0.046,USD,212.08,0,,,,-9.76,2256.88,01/28/2025
01/27/2025,"YOU BOUGHT BROADCOM INC COM (AVGO) (Cash)",AVGO,"BROADCOM INC COM",Cash,0,,0.045,USD,212.08,0,,,,-9.54,2266.64,01/28/2025
01/27/2025,"YOU BOUGHT BROADCOM INC COM (AVGO) (Cash)",AVGO,"BROADCOM INC COM",Cash,0,,0.045,USD,212.08,0,,,,-9.54,2276.18,01/28/2025
01/27/2025,"YOU BOUGHT BROADCOM INC COM (AVGO) (Cash)",AVGO,"BROADCOM INC COM",Cash,0,,0.045,USD,212.08,0,,,,-9.54,2285.72,01/28/2025
01/27/2025,"TRANSFERRED TO VS Z24-733398-1 (Cash)", ,"No Description",Cash,0,,0.000,USD,,0,,,,-20,2295.26,
01/27/2025,"DEBIT CARD PURCHASE WENDYS 6529 MANASSAS VA01232524943000R3ZG8Z (Cash)",,"No Description",Cash,0,,0.000,USD,,0,,,,-57.42,2315.26,
01/27/2025,"TRANSFERRED TO VS Z23-693697-1 (Cash)", ,"No Description",Cash,0,,0.000,USD,,0,,,,-60,2372.68,
01/27/2025,"DEBIT CARD PURCHASE POS0002 TRACTOR SUPPLY MANASSAS VA01232524251310RF6JVQ (Cash)",,"No Description",Cash,0,,0.000,USD,,0,,,,-119.98,2432.68,
01/27/2025,"DEBIT CARD PURCHASE HARBOR FREIGHT TOOLS 6 MANASSAS VA01232524231680R6EP2R (Cash)",,"No Description",Cash,0,,0.000,USD,,0,,,,-168.51,2552.66,
01/27/2025,"DEBIT CARD PURCHASE LOWES #00907* 866-483-7521 NC01232524692160P2YZ6P (Cash)",,"No Description",Cash,0,,0.000,USD,,0,,,,-168.54,2721.17,
01/27/2025,"DEBIT CARD PURCHASE VALLEY ENERGY 540-338-6457 VA01232524801660R0VYV9 (Cash)",,"No Description",Cash,0,,0.000,USD,,0,,,,-591.84,2889.71,
01/27/2025,"BILL PAYMENT CAPITAL ONE AUTO FINANC (Cash)", ,"No Description",Cash,0,,0.000,USD,,0,,,,-775,3481.55,
01/24/2025,"REINVESTMENT INVESCO EXCH TRADED FD TR II GLOBAL ... (PGHY) (Cash)",PGHY,"INVESCO EXCH TRADED FD TR II GLOBAL EX ",Cash,0,,0.045,USD,19.88,0,,,,-0.9,4256.55,
01/24/2025,"DIVIDEND RECEIVED INVESCO EXCH TRADED FD TR II GLOBAL ... (PGHY) (Cash)",PGHY,"INVESCO EXCH TRADED FD TR II GLOBAL EX ",Cash,0,,0.000,USD,,0,,,,0.9,4257.45,
01/24/2025,"DEBIT CARD PURCHASE PAYPAL *PYPL PAYIN4 888-221-1161 CA01212524027620N1YGH2 (Cash)",,"No Description",Cash,0,,0.000,USD,,0,,,,-12.83,4256.55,
01/24/2025,"DEBIT CARD PURCHASE Amazon.com*Z50MW1IC1 Amzn.com/bill WA01222524692160N2Y8FP (Cash)",,"No Description",Cash,0,,0.000,USD,,0,,,,-24.05,4269.38,
01/24/2025,"BILL PAYMENT VERIZON WIRELESS (Cash)", ,"No Description",Cash,0,,0.000,USD,,0,,,,-163,4293.43,
01/23/2025,"YOU BOUGHT UNITED STS LIME &MINERALS INC COM (USLM) (Cash)",USLM,"UNITED STS LIME &MINERALS INC COM",Cash,0,,0.084,USD,118.66,0,,,,-9.97,4456.43,01/24/2025
01/23/2025,"YOU BOUGHT TXNM ENERGY INC COM (TXNM) (Cash)",TXNM,"TXNM ENERGY INC COM",Cash,0,,0.212,USD,47.14,0,,,,-9.99,4466.40,01/24/2025
01/23/2025,"YOU BOUGHT BROADCOM INC COM (AVGO) (Cash)",AVGO,"BROADCOM INC COM",Cash,0,,0.042,USD,237.71,0,,,,-9.98,4476.39,01/24/2025
01/23/2025,"DEBIT CARD PURCHASE Amazon.com*ZC3VC6EN2 Amzn.com/bill WA01212524692160M2XGPZ (Cash)",,"No Description",Cash,0,,0.000,USD,,0,,,,-16.97,4486.37,
01/23/2025,"DEBIT CARD PURCHASE PIZZA HUT 37448 https://ipcha VA01202524943000M3XSE3 (Cash)",,"No Description",Cash,0,,0.000,USD,,0,,,,-97.02,4503.34,
01/22/2025,"DEBIT CARD PURCHASE PAYPAL *PYPL PAYIN4 888-221-1161 CA01192524027620L1YE38 (Cash)",,"No Description",Cash,0,,0.000,USD,,0,,,,-13.27,4600.36,
01/22/2025,"DEBIT CARD PURCHASE POSM6KE 7-ELEVEN Manassas VA01172524251310MF6JVB (Cash)",,"No Description",Cash,0,,0.000,USD,,0,,,,-13.8,4613.63,
01/22/2025,"DEBIT CARD PURCHASE CLAUDE.AI SUBSCRIPTION ANTHROPIC.COM CA01202524011340MEHM75 (Cash)",,"No Description",Cash,0,,0.000,USD,,0,,,,-20,4627.43,
01/22/2025,"DEBIT CARD PURCHASE POS0602 PETSMART # 045 MANASSAS VA01182524251310MF6JVB (Cash)",,"No Description",Cash,0,,0.000,USD,,0,,,,-42.05,4647.43,
01/22/2025,"DEBIT CARD PURCHASE POS7300 Wal-Mart Super MANASSAS VA01192524251310MF6JVB (Cash)",,"No Description",Cash,0,,0.000,USD,,0,,,,-47.32,4689.48,
01/21/2025,"DEBIT CARD PURCHASE Spotify USA 877-7781161 NY01172524204290H00086 (Cash)",,"No Description",Cash,0,,0.000,USD,,0,,,,-19.99,4736.80,
01/21/2025,"DEBIT CARD PURCHASE GOOGLE *YouTubePremium g.co/helppay# CA01172524692160H338TW (Cash)",,"No Description",Cash,0,,0.000,USD,,0,,,,-22.99,4756.79,
01/21/2025,"DEBIT CARD PURCHASE WENDYS 6529 MANASSAS VA01182524943000K3WRN5 (Cash)",,"No Description",Cash,0,,0.000,USD,,0,,,,-27.96,4779.78,
01/21/2025,"TRANSFERRED TO TRANSFER (Cash)", ,"No Description",Cash,0,,0.000,USD,,0,,,,-40,4807.74,
01/21/2025,"TRANSFERRED TO TRANSFER (Cash)", ,"No Description",Cash,0,,0.000,USD,,0,,,,-40,4847.74,
01/21/2025,"DEBIT CARD PURCHASE OLD VIRGINIA TOBACCO C MANASSAS VA01182524377350K0001M (Cash)",,"No Description",Cash,0,,0.000,USD,,0,,,,-57.41,4887.74,
01/17/2025,"YOU BOUGHT UNITED STS LIME &MINERALS INC COM (USLM) (Cash)",USLM,"UNITED STS LIME &MINERALS INC COM",Cash,0,,0.081,USD,122.99,0,,,,-9.96,4945.15,01/21/2025
01/17/2025,"YOU BOUGHT PALO ALTO NETWORKS INC COM USD0.0001 (PANW) (Cash)",PANW,"PALO ALTO NETWORKS INC COM USD0.0001",Cash,0,,0.056,USD,178.43,0,,,,-9.99,4955.11,01/21/2025
01/17/2025,"YOU BOUGHT ASML HOLDING NV EUR0.09 NY REGISTRY ... (ASML) (Cash)",ASML,"ASML HOLDING NV EUR0.09 NY REGISTRY SHS",Cash,0,,0.013,USD,758.5,0,,,,-9.86,4965.10,01/21/2025
01/17/2025,"DEBIT CARD PURCHASE ENTIRELYDIGITAL COM 877-2423882 CD01152574924270F84X78 (Cash)",,"No Description",Cash,0,,0.000,USD,,0,,,,-11,4974.96,
01/17/2025,"DEBIT CARD PURCHASE POSMTMA 7-ELEVEN Manassas Par VA01152524251310GF6JVA (Cash)",,"No Description",Cash,0,,0.000,USD,,0,,,,-12.49,4985.96,
01/17/2025,"TRANSFERRED TO TRANSFER (Cash)", ,"No Description",Cash,0,,0.000,USD,,0,,,,-15,4998.45,
01/17/2025,"BILL PAYMENT PWC SERVICE AUTHORITY (Cash)", ,"No Description",Cash,0,,0.000,USD,,0,,,,-122.65,5013.45,
01/16/2025,"DIVIDEND RECEIVED INGLES MARKETS INC (IMKTA) (Cash)",IMKTA,"INGLES MARKETS INC",Cash,0,,0.000,USD,,0,,,,0.02,5136.10,
01/16/2025,"DEBIT CARD PURCHASE POS2 AFFIRM P SAN FRANCISC CA01152524251310FF6JVA (Cash)",,"No Description",Cash,0,,0.000,USD,,0,,,,-38.68,5136.08,
01/16/2025,"DIRECT DEPOSIT COM2 TREAS 3 FED SAL (Cash)", ,"No Description",Cash,0,,0.000,USD,,0,,,,4209.03,5174.76,
01/15/2025,"DEBIT CARD PURCHASE PP*APPLE.COM/BILL 402-935-7733 CA01132524036380D22SGR (Cash)",,"No Description",Cash,0,,0.000,USD,,0,,,,-0.99,965.73,
01/15/2025,"DEBIT CARD PURCHASE Amazon.com*ZG1DS1FA2 Amzn.com/bill WA01142524692160E30X0A (Cash)",,"No Description",Cash,0,,0.000,USD,,0,,,,-5.71,966.72,
01/15/2025,"DEBIT CARD PURCHASE Amazon.com*ZD6SH95Z1 Amzn.com/bill WA01132524692160D30L1H (Cash)",,"No Description",Cash,0,,0.000,USD,,0,,,,-6.73,972.43,
01/15/2025,"DEBIT CARD PURCHASE Amazon.com*Z53Y97Y42 Amzn.com/bill WA01132524692160D30L8H (Cash)",,"No Description",Cash,0,,0.000,USD,,0,,,,-7.29,979.16,
01/15/2025,"DEBIT CARD PURCHASE AMAZON MKTPL*ZG6GZ2CQ2 Amzn.com/bill WA01132524692160D30L3H (Cash)",,"No Description",Cash,0,,0.000,USD,,0,,,,-12.67,986.45,
01/15/2025,"DEBIT CARD PURCHASE Amazon.com*ZD3XW6BP1 Amzn.com/bill WA01142524692160E30X16 (Cash)",,"No Description",Cash,0,,0.000,USD,,0,,,,-18.2,999.12,
01/15/2025,"TRANSFERRED TO VS Z23-693697-1 (Cash)", ,"No Description",Cash,0,,0.000,USD,,0,,,,-30,1017.32,
01/15/2025,"TRANSFERRED TO VS Z23-693697-1 (Cash)", ,"No Description",Cash,0,,0.000,USD,,0,,,,-887,1047.32,
01/15/2025,"BILL PAYMENT WELLS FARGO AUTO (Cash)", ,"No Description",Cash,0,,0.000,USD,,0,,,,-933,1934.32,
01/14/2025,"YOU BOUGHT RESMED INC (RMD) (Cash)",RMD,"RESMED INC",Cash,0,,0.056,USD,228.84,0,,,,-12.82,2867.32,01/15/2025
01/14/2025,"YOU BOUGHT INTERPARFUMS, INC. COMMON STOCK (IPAR) (Cash)",IPAR,"INTERPARFUMS, INC. COMMON STOCK",Cash,0,,0.313,USD,130.81,0,,,,-40.94,2880.14,01/15/2025
01/14/2025,"YOU BOUGHT FORTIS INC COM ISIN #CA3495531079 SE... (FTS) (Cash)",FTS,"FORTIS INC COM ISIN #CA3495531079 SEDOL",Cash,0,,0.271,USD,40.52,0,,,,-10.98,2921.08,01/15/2025
01/14/2025,"DEBIT CARD PURCHASE Netflix.com 408-5403700 CA01122524204290Q01BJ0 (Cash)",,"No Description",Cash,0,,0.000,USD,,0,,,,-15.49,2932.06,
01/14/2025,"DEBIT CARD PURCHASE Amazon.com*Z52O124J0 Amzn.com/bill WA01132524692160D30911 (Cash)",,"No Description",Cash,0,,0.000,USD,,0,,,,-16.83,2947.55,
01/14/2025,"TRANSFERRED TO TRANSFER (Cash)", ,"No Description",Cash,0,,0.000,USD,,0,,,,-23,2964.38,
01/14/2025,"DEBIT CARD PURCHASE POS4208 PAYPAL *PYPL P San Jose CA01122524251310DF6JV9 (Cash)",,"No Description",Cash,0,,0.000,USD,,0,,,,-36.24,2987.38,
01/14/2025,"DEBIT CARD PURCHASE AMAZON MKTPL*ZD01I2VO1 Amzn.com/bill WA01132524692160D308SV (Cash)",,"No Description",Cash,0,,0.000,USD,,0,,,,-62.53,3023.62,
01/14/2025,"CHECK RECEIVED (Cash)",,"No Description",Cash,0,,0.000,USD,,0,,,,66.86,3086.15,
01/13/2025,"YOU BOUGHT VULCAN MATERIALS CO (VMC) (Cash)",VMC,"VULCAN MATERIALS CO",Cash,0,,0.039,USD,254.58,0,,,,-9.93,3019.29,01/14/2025
01/13/2025,"YOU BOUGHT CHAMPION HOMES INC COM (SKY) (Cash)",SKY,"CHAMPION HOMES INC COM",Cash,0,,0.115,USD,86.37,0,,,,-9.93,3029.22,01/14/2025
01/13/2025,"YOU BOUGHT INTERPARFUMS, INC. COMMON STOCK (IPAR) (Cash)",IPAR,"INTERPARFUMS, INC. COMMON STOCK",Cash,0,,0.077,USD,129.23,0,,,,-9.95,3039.15,01/14/2025
01/13/2025,"DEBIT CARD PURCHASE PLEXINC*PASS MONTHLY PLEX.TV CA01112524116410BLXEGF (Cash)",,"No Description",Cash,0,,0.000,USD,,0,,,,-4.99,3049.10,
01/13/2025,"DEBIT CARD PURCHASE OTT* SOFTWHITEUNDERBEL SOFTWHITEUNDE CA01102524064660AEHMFA (Cash)",,"No Description",Cash,0,,0.000,USD,,0,,,,-10,3054.09,
01/13/2025,"DEBIT CARD PURCHASE POS0308 PAYPAL *PYPL P 8882211161 CA01102524251310AF6JV8 (Cash)",,"No Description",Cash,0,,0.000,USD,,0,,,,-31.8,3064.09,
01/13/2025,"TRANSFERRED TO VS Z23-693697-1 (Cash)", ,"No Description",Cash,0,,0.000,USD,,0,,,,-35,3095.89,
01/13/2025,"DEBIT CARD PURCHASE PIZZA HUT 37448 https://ipcha VA01112524943000B3R8LV (Cash)",,"No Description",Cash,0,,0.000,USD,,0,,,,-37.75,3130.89,
01/13/2025,"TRANSFERRED TO VS Z23-693697-1 (Cash)", ,"No Description",Cash,0,,0.000,USD,,0,,,,-135,3168.64,
01/10/2025,"YOU BOUGHT UNITED STS LIME &MINERALS INC COM (USLM) (Cash)",USLM,"UNITED STS LIME &MINERALS INC COM",Cash,0,,0.082,USD,121.13,0,,,,-9.93,3303.64,01/13/2025
01/10/2025,"YOU BOUGHT TXNM ENERGY INC COM (TXNM) (Cash)",TXNM,"TXNM ENERGY INC COM",Cash,0,,0.212,USD,47.07,0,,,,-9.98,3313.57,01/13/2025
01/10/2025,"YOU BOUGHT INTERPARFUMS, INC. COMMON STOCK (IPAR) (Cash)",IPAR,"INTERPARFUMS, INC. COMMON STOCK",Cash,0,,0.076,USD,130.15,0,,,,-9.89,3323.55,01/13/2025
01/10/2025,"YOU BOUGHT IES HLDGS INC COM (IESC) (Cash)",IESC,"IES HLDGS INC COM",Cash,0,,0.046,USD,215.85,0,,,,-9.93,3333.44,01/13/2025
01/10/2025,"YOU BOUGHT BROADCOM INC COM (AVGO) (Cash)",AVGO,"BROADCOM INC COM",Cash,0,,0.044,USD,224.56,0,,,,-9.88,3343.37,01/13/2025
01/10/2025,"DEBIT CARD PURCHASE Patreon* Membership Internet CA0109252438886091WY7S (Cash)",,"No Description",Cash,0,,0.000,USD,,0,,,,-5,3353.25,
01/09/2025,"REINVESTMENT MEDICAL PROPERTIES TRUST INC (MPW) (Cash)",MPW,"MEDICAL PROPERTIES TRUST INC",Cash,0,,0.105,USD,3.91,0,,,,-0.41,3358.25,
01/09/2025,"DIVIDEND RECEIVED MEDICAL PROPERTIES TRUST INC (MPW) (Cash)",MPW,"MEDICAL PROPERTIES TRUST INC",Cash,0,,0.000,USD,,0,,,,0.41,3358.66,
01/08/2025,"YOU BOUGHT VULCAN MATERIALS CO (VMC) (Cash)",VMC,"VULCAN MATERIALS CO",Cash,0,,0.039,USD,251.79,0,,,,-9.82,3358.25,01/09/2025
01/08/2025,"YOU BOUGHT VANGUARD CHARLOTTE FDS TOTAL INTL BD ETF (BNDX) (Cash)",BNDX,"VANGUARD CHARLOTTE FDS TOTAL INTL BD ETF",Cash,0,,1,USD,48.72,0,,,,-48.72,3368.07,01/09/2025
01/08/2025,"YOU BOUGHT VANGUARD CHARLOTTE FDS TOTAL INTL BD ETF (BNDX) (Cash)",BNDX,"VANGUARD CHARLOTTE FDS TOTAL INTL BD ETF",Cash,0,,0.129,USD,48.72,0,,,,-6.28,3416.79,01/09/2025
01/08/2025,"YOU BOUGHT CHAMPION HOMES INC COM (SKY) (Cash)",SKY,"CHAMPION HOMES INC COM",Cash,0,,0.117,USD,84.97,0,,,,-9.94,3423.07,01/09/2025
01/08/2025,"YOU SOLD PALO ALTO NETWORKS INC COM USD0.0001 (PANW) (Cash)",PANW,"PALO ALTO NETWORKS INC COM USD0.0001",Cash,0,,-0.142,USD,170.53,0,,,,24.22,3433.01,01/09/2025
01/08/2025,"YOU BOUGHT INTERPARFUMS, INC. COMMON STOCK (IPAR) (Cash)",IPAR,"INTERPARFUMS, INC. COMMON STOCK",Cash,0,,0.077,USD,129.7,0,,,,-9.99,3408.79,01/09/2025
01/08/2025,"YOU SOLD CARRIER GLOBAL CORPORATION COM (CARR) (Cash)",CARR,"CARRIER GLOBAL CORPORATION COM",Cash,0,,-0.454,USD,68.13,0,,,,30.93,3418.78,01/09/2025
01/08/2025,"YOU BOUGHT BROADCOM INC COM (AVGO) (Cash)",AVGO,"BROADCOM INC COM",Cash,0,,0.043,USD,227.41,0,,,,-9.78,3387.85,01/09/2025
01/08/2025,"DEBIT CARD PURCHASE PAYPAL *PYPL PAYIN4 888-221-1161 CA0106252402762071YVAJ (Cash)",,"No Description",Cash,0,,0.000,USD,,0,,,,-12.83,3397.63,
01/08/2025,"DEBIT CARD PURCHASE Amazon.com*ZP6HU6H21 Amzn.com/bill WA01062524692160634V40 (Cash)",,"No Description",Cash,0,,0.000,USD,,0,,,,-16.71,3410.46,
01/08/2025,"DEBIT CARD PURCHASE Amazon.com*ZD5T88IQ2 Amzn.com/bill WA01062524692160634V1F (Cash)",,"No Description",Cash,0,,0.000,USD,,0,,,,-53.36,3427.17,
01/08/2025,"BILL PAYMENT NOVEC (Cash)", ,"No Description",Cash,0,,0.000,USD,,0,,,,-135.15,3480.53,
01/08/2025,"BILL PAYMENT NOVEC (Cash)", ,"No Description",Cash,0,,0.000,USD,,0,,,,-148.47,3615.68,
01/07/2025,"REINVESTMENT as of Jan-03-2025 PETROLEO BRASILEIRO SA PETROBRAS SPO... (PBR) (Cash)",PBR,"PETROLEO BRASILEIRO SA PETROBRAS SPON A",Cash,0,,0.106,USD,13.2,0,,,,-1.4,3764.15,
01/07/2025,"FEE CHARGED as of Jan-03-2025 PETROLEO BRASILEIRO SA PETROBRAS SPO... (PBR) (Cash)",PBR,"PETROLEO BRASILEIRO SA PETROBRAS SPON A",Cash,0,,0.000,USD,,0,,,,-0.02,3765.55,
01/07/2025,"DIVIDEND RECEIVED as of Jan-03-2025 PETROLEO BRASILEIRO SA PETROBRAS SPO... (PBR) (Cash)",PBR,"PETROLEO BRASILEIRO SA PETROBRAS SPON A",Cash,0,,0.000,USD,,0,,,,1.42,3765.57,
01/07/2025,"YOU BOUGHT VANGUARD CHARLOTTE FDS TOTAL INTL BD ETF (BNDX) (Cash)",BNDX,"VANGUARD CHARLOTTE FDS TOTAL INTL BD ETF",Cash,0,,0.327,USD,48.83,0,,,,-15.97,3764.15,01/08/2025
01/07/2025,"YOU SOLD CARRIER GLOBAL CORPORATION COM (CARR) (Cash)",CARR,"CARRIER GLOBAL CORPORATION COM",Cash,0,,-0.222,USD,69.34,0,,,,15.39,3780.12,01/08/2025
01/07/2025,"DEBIT CARD PURCHASE PAYPAL *PYPL PAYIN4 888-221-1161 CA0104252402762051YRYA (Cash)",,"No Description",Cash,0,,0.000,USD,,0,,,,-13.26,3764.73,
01/07/2025,"DEBIT CARD PURCHASE BURGER KING #9929 MANASSAS VA0105252494144060T5EG (Cash)",,"No Description",Cash,0,,0.000,USD,,0,,,,-27.26,3777.99,
01/07/2025,"DEBIT CARD PURCHASE POS3018 CVS/PHARMACY # MANASSAS VA010325242513106F6JV7 (Cash)",,"No Description",Cash,0,,0.000,USD,,0,,,,-52.2,3805.25,
01/07/2025,"DEBIT CARD PURCHASE POS3231 TARGET T-2323 Manassas VA010525242513106F6JV7 (Cash)",,"No Description",Cash,0,,0.000,USD,,0,,,,-90.1,3857.45,
01/07/2025,"TRANSFERRED TO VS Z23-693697-1 (Cash)", ,"No Description",Cash,0,,0.000,USD,,0,,,,-125,3947.55,
01/06/2025,"REINVESTMENT BRT APARTMENTS CORP COM (BRT) (Cash)",BRT,"BRT APARTMENTS CORP COM",Cash,0,,0.172,USD,17.98,0,,,,-3.1,4072.55,
01/06/2025,"DIVIDEND RECEIVED BRT APARTMENTS CORP COM (BRT) (Cash)",BRT,"BRT APARTMENTS CORP COM",Cash,0,,0.000,USD,,0,,,,3.1,4075.65,
01/06/2025,"YOU BOUGHT VANGUARD CHARLOTTE FDS TOTAL INTL BD ETF (BNDX) (Cash)",BNDX,"VANGUARD CHARLOTTE FDS TOTAL INTL BD ETF",Cash,0,,1,USD,48.94,0,,,,-48.94,4072.55,01/07/2025
01/06/2025,"YOU SOLD SUPER MICRO COMPUTER INC COM NEW (SMCI) (Cash)",SMCI,"SUPER MICRO COMPUTER INC COM NEW",Cash,0,,-0.436,USD,36.66,0,,,,15.98,4121.49,01/07/2025
01/06/2025,"YOU SOLD SERVICE CORPORATION INTERNATIONAL CO... (SCI) (Cash)",SCI,"SERVICE CORPORATION INTERNATIONAL COM U",Cash,0,,-0.32,USD,77.89,0,,,,24.92,4105.51,01/07/2025
01/06/2025,"YOU SOLD QUEST DIAGNOSTICS INC COM USD0.01 (DGX) (Cash)",DGX,"QUEST DIAGNOSTICS INC COM USD0.01",Cash,0,,-0.077,USD,153.33,0,,,,11.81,4080.59,01/07/2025
01/06/2025,"DEBIT CARD PURCHASE UBER *ONE HELP.UBER.COM CA010325240362903LVH58 (Cash)",,"No Description",Cash,0,,0.000,USD,,0,,,,-3,4068.78,
01/06/2025,"DEBIT CARD PURCHASE PAYPAL *PYPL PAYIN4 888-221-1161 CA0102252402762031YN8F (Cash)",,"No Description",Cash,0,,0.000,USD,,0,,,,-23.43,4071.78,
01/06/2025,"DEBIT CARD PURCHASE Amazon web services aws.amazon.co WA01022524692160231BYA (Cash)",,"No Description",Cash,0,,0.000,USD,,0,,,,-38.38,4095.21,
01/06/2025,"DEBIT CARD PURCHASE PAYPAL *PAPA JOHN'S #1 402-935-7733 NE01032524036380422DPG (Cash)",,"No Description",Cash,0,,0.000,USD,,0,,,,-70.85,4133.59,
01/06/2025,"DEBIT CARD PURCHASE Amazon.com*ZP5C07B90 AMZN.COM/BILL WA01032524692160332AD1 (Cash)",,"No Description",Cash,0,,0.000,USD,,0,,,,-78,4204.44,
01/06/2025,"BILL PAYMENT SELECT PORTFOLIO SERVIC (Cash)", ,"No Description",Cash,0,,0.000,USD,,0,,,,-1564,4282.44,
01/03/2025,"REINVESTMENT KIMBERLY-CLARK CORP COM (KMB) (Cash)",KMB,"KIMBERLY-CLARK CORP COM",Cash,0,,0.001,USD,130.95,0,,,,-0.1,5846.44,
01/03/2025,"DIVIDEND RECEIVED KIMBERLY-CLARK CORP COM (KMB) (Cash)",KMB,"KIMBERLY-CLARK CORP COM",Cash,0,,0.000,USD,,0,,,,0.1,5846.54,
01/03/2025,"REINVESTMENT J P MORGAN EXCHANGE TRADED FD INTL B... (JPIB) (Cash)",JPIB,"J P MORGAN EXCHANGE TRADED FD INTL BD O",Cash,0,,0.007,USD,47.45,0,,,,-0.32,5846.44,
01/03/2025,"DIVIDEND RECEIVED J P MORGAN EXCHANGE TRADED FD INTL B... (JPIB) (Cash)",JPIB,"J P MORGAN EXCHANGE TRADED FD INTL BD O",Cash,0,,0.000,USD,,0,,,,0.32,5846.76,
01/03/2025,"DEBIT CARD PURCHASE 7-ELEVEN 22095 MANASSAS VA1231242403454010023R (Cash)",,"No Description",Cash,0,,0.000,USD,,0,,,,-5.54,5846.44,
01/03/2025,"DEBIT CARD PURCHASE POSM6KE 7-ELEVEN Manassas VA010125242513102F6JV6 (Cash)",,"No Description",Cash,0,,0.000,USD,,0,,,,-13,5851.98,
01/03/2025,"DEBIT CARD PURCHASE AMAZON MKTPL*ZP95H4TP0 Amzn.com/bill WA01012524692160130PX0 (Cash)",,"No Description",Cash,0,,0.000,USD,,0,,,,-18.01,5864.98,
01/03/2025,"DEBIT CARD PURCHASE POS2 AFFIRM P SAN FRANCISC CA010125242513102F6JV6 (Cash)",,"No Description",Cash,0,,0.000,USD,,0,,,,-38.68,5882.99,
01/03/2025,"DEBIT CARD PURCHASE MCDONALD'S F18095 MANASSAS VA010125244273301LYPPV (Cash)",,"No Description",Cash,0,,0.000,USD,,0,,,,-51.94,5921.67,
01/03/2025,"DEBIT CARD PURCHASE PAYPAL *Roetto Michael Visa Direct CA01012524248180100718 (Cash)",,"No Description",Cash,0,,0.000,USD,,0,,,,-200,5973.61,
01/03/2025,"TRANSFERRED TO VS Z23-693697-1 (Cash)", ,"No Description",Cash,0,,0.000,USD,,0,,,,-825,6173.61,
01/02/2025,"REINVESTMENT as of Dec-30-2024 PETROLEO BRASILEIRO SA PETROBRAS SPO... (PBR) (Cash)",PBR,"PETROLEO BRASILEIRO SA PETROBRAS SPON A",Cash,0,,0.012,USD,12.89,0,,,,-0.16,6998.61,
01/02/2025,"DIVIDEND RECEIVED as of Dec-30-2024 PETROLEO BRASILEIRO SA PETROBRAS SPO... (PBR) (Cash)",PBR,"PETROLEO BRASILEIRO SA PETROBRAS SPON A",Cash,0,,0.000,USD,,0,,,,0.16,6998.77,
01/02/2025,"YOU SOLD TRANSPORTADORA DE GAS DEL SUR S.A SP... (TGS) (Cash)",TGS,"TRANSPORTADORA DE GAS DEL SUR S.A SPONS",Cash,0,,-0.228,USD,32.25,0,,,,7.35,6998.61,01/03/2025
01/02/2025,"YOU SOLD PALO ALTO NETWORKS INC COM USD0.0001 (PANW) (Cash)",PANW,"PALO ALTO NETWORKS INC COM USD0.0001",Cash,0,,-0.072,USD,179.26,0,,,,12.91,6991.26,01/03/2025
01/02/2025,"YOU BOUGHT INTERPARFUMS, INC. COMMON STOCK (IPAR) (Cash)",IPAR,"INTERPARFUMS, INC. COMMON STOCK",Cash,0,,0.154,USD,129.07,0,,,,-19.88,6978.35,01/03/2025
01/02/2025,"DEBIT CARD PURCHASE Amazon Tips*ZE9LR8DI1 Amzn.com/bill WA010125246921601305XD (Cash)",,"No Description",Cash,0,,0.000,USD,,0,,,,-5,6998.23,
01/02/2025,"TRANSFERRED TO VS Z28-391843-1 (Cash)", ,"No Description",Cash,0,,0.000,USD,,0,,,,-16.43,7003.23,
01/02/2025,"TRANSFERRED TO VS Z28-391843 REDEMPTION (Cash)", ,"No Description",Cash,0,,0.000,USD,,0,,,,-33,7019.66,
01/02/2025,"DEBIT CARD PURCHASE POS3018 CVS/PHARMACY # MANASSAS VA1231242425131PYF6JVT (Cash)",,"No Description",Cash,0,,0.000,USD,,0,,,,-35,7052.66,
01/02/2025,"DEBIT CARD PURCHASE OLD VIRGINIA TOBACCO C MANASSAS VA1231242437735010001D (Cash)",,"No Description",Cash,0,,0.000,USD,,0,,,,-60.05,7087.66,
01/02/2025,"DEBIT CARD PURCHASE Amazon.com*ZP7QD0SH2 Amzn.com/bill WA1230242469216PX2ZQN5 (Cash)",,"No Description",Cash,0,,0.000,USD,,0,,,,-63.84,7147.71,
01/02/2025,"DIRECT DEPOSIT COM2 TREAS 3 FED SAL (Cash)", ,"No Description",Cash,0,,0.000,USD,,0,,,,4209.03,7211.55,



"The data and information in this spreadsheet is provided to you solely for your use and is not for distribution. The spreadsheet is provided for"
"informational purposes only, and is not intended to provide advice, nor should it be construed as an offer to sell, a solicitation of an offer to buy or a"
"recommendation for any security or insurance product by Fidelity or any third party. Data and information shown is based on information known to Fidelity as of the date it was"
"exported and is subject to change. It should not be used in place of your account statements or trade confirmations and is not intended for tax reporting"
"purposes. For more information on the data included in this spreadsheet, including any limitations thereof, go to Fidelity.com."

"Brokerage services are provided by Fidelity Brokerage Services LLC (FBS), 900 Salem Street, Smithfield, RI 02917. Custody and other services provided by National"
"Financial Services LLC (NFS). Both are Fidelity Investment companies and members SIPC, NYSE. Insurance products at Fidelity are distributed by"
"Fidelity Insurance Agency, Inc., and, for certain products, by Fidelity Brokerage Services, Member NYSE, SIPC."

Date downloaded 08/03/2025 10:42 pm