

Run Date,Action,Symbol,Description,Type,Exchange Quantity,Exchange Currency,Quantity,Currency,Price,Exchange Rate,Commission,Fees,Accrued Interest,Amount,Cash Balance,Settlement Date
12/29/2023,"REINVESTMENT SERVICE CORPORATION INTERNATIONAL CO... (SCI) (Cash)",SCI,"SERVICE CORPORATION INTERNATIONAL COM U",Cash,0,,0.002,USD,68.48,0,,,,-0.13,4236.84,
12/29/2023,"DIVIDEND RECEIVED SERVICE CORPORATION INTERNATIONAL CO... (SCI) (Cash)",SCI,"SERVICE CORPORATION INTERNATIONAL COM U",Cash,0,,0.000,USD,,0,,,,0.13,4236.97,
12/29/2023,"REINVESTMENT PROLOGIS INC. COM (PLD) (Cash)",PLD,"PROLOGIS INC. COM",Cash,0,,0.001,USD,133.6,0,,,,-0.19,4236.84,
12/29/2023,"DIVIDEND RECEIVED PROLOGIS INC. COM (PLD) (Cash)",PLD,"PROLOGIS INC. COM",Cash,0,,0.000,USD,,0,,,,0.19,4237.03,
12/29/2023,"DIVIDEND RECEIVED HUNTSMAN CORP (HUN) (Cash)",HUN,"HUNTSMAN CORP",Cash,0,,0.000,USD,,0,,,,0.56,4236.84,
12/29/2023,"REINVESTMENT FIRST TR EXCHANGE TRADED FD III FIRS... (FPE) (Cash)",FPE,"FIRST TR EXCHANGE TRADED FD III FIRST T",Cash,0,,0.038,USD,16.85,0,,,,-0.64,4236.28,
12/29/2023,"DIVIDEND RECEIVED FIRST TR EXCHANGE TRADED FD III FIRS... (FPE) (Cash)",FPE,"FIRST TR EXCHANGE TRADED FD III FIRST T",Cash,0,,0.000,USD,,0,,,,0.64,4236.92,
12/29/2023,"REINVESTMENT FID L/T TREASURY BOND INDEX FUND (FNBGX) (Cash)",FNBGX,"FID L/T TREASURY BOND INDEX FUND",Cash,0,,0.069,USD,10.13,0,,,,-0.7,4236.28,
12/29/2023,"DIVIDEND RECEIVED FID L/T TREASURY BOND INDEX FUND (FNBGX) (Cash)",FNBGX,"FID L/T TREASURY BOND INDEX FUND",Cash,0,,0.000,USD,,0,,,,0.7,4236.98,
12/29/2023,"DIVIDEND RECEIVED FIDELITY GOVERNMENT MONEY MARKET (SPAXX) (Cash)",SPAXX,"FIDELITY GOVERNMENT MONEY MARKET",Cash,0,,0.000,USD,,0,,,,18.36,4236.28,
12/29/2023,"REINVESTMENT FIDELITY CAPITAL & INCOME (FAGIX) (Cash)",FAGIX,"FIDELITY CAPITAL & INCOME",Cash,0,,0.022,USD,9.65,0,,,,-0.21,4217.92,
12/29/2023,"DIVIDEND RECEIVED FIDELITY CAPITAL & INCOME (FAGIX) (Cash)",FAGIX,"FIDELITY CAPITAL & INCOME",Cash,0,,0.000,USD,,0,,,,0.21,4218.13,
12/29/2023,"REINVESTMENT ENTRAVISION COMMUNICATIONS CORP (EVC) (Cash)",EVC,"ENTRAVISION COMMUNICATIONS CORP",Cash,0,,0.131,USD,4.29,0,,,,-0.56,4217.92,
12/29/2023,"DIVIDEND RECEIVED ENTRAVISION COMMUNICATIONS CORP (EVC) (Cash)",EVC,"ENTRAVISION COMMUNICATIONS CORP",Cash,0,,0.000,USD,,0,,,,0.56,4218.48,
12/29/2023,"REINVESTMENT BROADCOM INC COM (AVGO) (Cash)",AVGO,"BROADCOM INC COM",Cash,0,,0.001,USD,1131.34,0,,,,-0.6,4217.92,
12/29/2023,"DIVIDEND RECEIVED BROADCOM INC COM (AVGO) (Cash)",AVGO,"BROADCOM INC COM",Cash,0,,0.000,USD,,0,,,,0.6,4218.52,
12/29/2023,"DEBIT CARD PURCHASE AMZN Mktp US*SU0TZ5013 Amzn.com/bill WA1227232469216B935R8A (Cash)",,"No Description",Cash,0,,0.000,USD,,0,,,,-18.01,4217.92,
12/29/2023,"TRANSFERRED TO VS Z23-693697-1 (Cash)", ,"No Description",Cash,0,,0.000,USD,,0,,,,-160,4235.93,
12/29/2023,"BILL PAYMENT CAPITAL ONE AUTO FINANC (Cash)", ,"No Description",Cash,0,,0.000,USD,,0,,,,-700,4395.93,
12/28/2023,"REINVESTMENT VANGUARD SCOTTSDALE FDS VANGUARD SHO... (VCSH) (Cash)",VCSH,"VANGUARD SCOTTSDALE FDS VANGUARD SHORT-",Cash,0,,0.004,USD,77.29,0,,,,-0.29,5095.93,
12/28/2023,"DIVIDEND RECEIVED VANGUARD SCOTTSDALE FDS VANGUARD SHO... (VCSH) (Cash)",VCSH,"VANGUARD SCOTTSDALE FDS VANGUARD SHORT-",Cash,0,,0.000,USD,,0,,,,0.29,5096.22,
12/28/2023,"REINVESTMENT as of Dec-22-2023 INVESCO DB MULTI-SECTOR COMMOD BASE ... (DBB) (Cash)",DBB,"INVESCO DB MULTI-SECTOR COMMOD BASE MET",Cash,0,,0.286,USD,17.75,0,,,,-5.08,5095.93,
12/28/2023,"REINVESTMENT as of Dec-22-2023 INVESCO DB MULTI-SECTOR COMMOD BASE ... (DBB) (Cash)",DBB,"INVESCO DB MULTI-SECTOR COMMOD BASE MET",Cash,0,,-0.282,USD,18.02,0,,,,5.08,5101.01,
12/28/2023,"REINVESTMENT GILEAD SCIENCES INC COM USD0.001 (GILD) (Cash)",GILD,"GILEAD SCIENCES INC COM USD0.001",Cash,0,,0.003,USD,79.82,0,,,,-0.21,5095.93,
12/28/2023,"DIVIDEND RECEIVED GILEAD SCIENCES INC COM USD0.001 (GILD) (Cash)",GILD,"GILEAD SCIENCES INC COM USD0.001",Cash,0,,0.000,USD,,0,,,,0.21,5096.14,
12/28/2023,"DIVIDEND RECEIVED ACADIAN ASSET MANAGEMENT INC. COM (AAMI) (Cash)",AAMI,"ACADIAN ASSET MANAGEMENT INC. COM",Cash,0,,0.000,USD,,0,,,,0.02,5095.93,
12/28/2023,"TRANSFERRED TO VS Z21-438083-1 (Cash)", ,"No Description",Cash,0,,0.000,USD,,0,,,,-10,5095.91,
12/28/2023,"DEBIT CARD PURCHASE POSM6K6 7-ELEVEN MANASSAS VA1226232425131B9F6JVR (Cash)",,"No Description",Cash,0,,0.000,USD,,0,,,,-15.29,5105.91,
12/28/2023,"TRANSFERRED TO VS Z23-693697-1 (Cash)", ,"No Description",Cash,0,,0.000,USD,,0,,,,-45,5121.20,
12/27/2023,"REINVESTMENT as of Dec-22-2023 PETROLEO BRASILEIRO SA PETROBRAS SPO... (PBR) (Cash)",PBR,"PETROLEO BRASILEIRO SA PETROBRAS SPON A",Cash,0,,0.017,USD,16.18,0,,,,-0.27,5166.20,
12/27/2023,"REINVESTMENT ISHARES MORTGAGE REAL ESTATE ETF (REM) (Cash)",REM,"ISHARES MORTGAGE REAL ESTATE ETF",Cash,0,,0.072,USD,24.09,0,,,,-1.73,5166.47,
12/27/2023,"DIVIDEND RECEIVED ISHARES MORTGAGE REAL ESTATE ETF (REM) (Cash)",REM,"ISHARES MORTGAGE REAL ESTATE ETF",Cash,0,,0.000,USD,,0,,,,1.73,5168.20,
12/27/2023,"REINVESTMENT ISHARES INC MSCI JPN ETF NEW (EWJ) (Cash)",EWJ,"ISHARES INC MSCI JPN ETF NEW",Cash,0,,0.007,USD,63.4,0,,,,-0.47,5166.47,
12/27/2023,"DIVIDEND RECEIVED ISHARES INC MSCI JPN ETF NEW (EWJ) (Cash)",EWJ,"ISHARES INC MSCI JPN ETF NEW",Cash,0,,0.000,USD,,0,,,,0.47,5166.94,
12/27/2023,"FEE CHARGED as of Dec-22-2023 PETROLEO BRASILEIRO SA PETROBRAS SPO... (PBR) (Cash)",PBR,"PETROLEO BRASILEIRO SA PETROBRAS SPON A",Cash,0,,0.000,USD,,0,,,,-0.01,5166.47,
12/27/2023,"DIVIDEND RECEIVED as of Dec-22-2023 PETROLEO BRASILEIRO SA PETROBRAS SPO... (PBR) (Cash)",PBR,"PETROLEO BRASILEIRO SA PETROBRAS SPON A",Cash,0,,0.000,USD,,0,,,,0.28,5166.48,
12/27/2023,"YOU SOLD SS&C TECHNOLOGIES HLDGS INC COM (SSNC) (Cash)",SSNC,"SS&C TECHNOLOGIES HLDGS INC COM",Cash,0,,-0.519,USD,61.46,0,,,,31.9,5166.20,12/29/2023
12/27/2023,"YOU BOUGHT PALO ALTO NETWORKS INC COM USD0.0001 (PANW) (Cash)",PANW,"PALO ALTO NETWORKS INC COM USD0.0001",Cash,0,,0.107,USD,297.82,0,,,,-31.87,5134.30,12/29/2023
12/26/2023,"REINVESTMENT as of Dec-22-2023 INVESCO DB MULTI-SECTOR COMMOD BASE ... (DBB) (Cash)",DBB,"INVESCO DB MULTI-SECTOR COMMOD BASE MET",Cash,0,,0.282,USD,18.02,0,,,,-5.08,5166.17,
12/26/2023,"RETURN OF CAPITAL as of Dec-22-2023 INVESCO DB MULTI-SECTOR COMMOD BASE ... (DBB) (Cash)",DBB,"INVESCO DB MULTI-SECTOR COMMOD BASE MET",Cash,0,,0.000,USD,,0,,,,5.08,5171.25,
12/26/2023,"YOU SOLD VANECK ETF TR VANECK LONG MUNI ETF (MLN) (Cash)",MLN,"VANECK ETF TR VANECK LONG MUNI ETF",Cash,0,,-0.231,USD,18.24,0,,,,4.21,5166.17,12/28/2023
12/26/2023,"YOU SOLD VANECK ETF TR VANECK LONG MUNI ETF (MLN) (Cash)",MLN,"VANECK ETF TR VANECK LONG MUNI ETF",Cash,0,,-1,USD,18.25,0,,,,18.25,5161.96,12/28/2023
12/26/2023,"DEBIT CARD PURCHASE Amazon.com*0V4C025N3 Amzn.com/bill WA1221232469216B431T00 (Cash)",,"No Description",Cash,0,,0.000,USD,,0,,,,-5.99,5143.71,
12/26/2023,"TRANSFERRED TO VS Z23-693697-1 (Cash)", ,"No Description",Cash,0,,0.000,USD,,0,,,,-20,5149.70,
12/26/2023,"TRANSFERRED TO VS 239-574793-1 CURRENT CONTRIBUTION (Cash)", ,"No Description",Cash,0,,0.000,USD,,0,,,,-22.46,5169.70,
12/26/2023,"DEBIT CARD PURCHASE Amazon.com*9S4014UL3 Amzn.com/bill WA1222232469216B4328GK (Cash)",,"No Description",Cash,0,,0.000,USD,,0,,,,-29.19,5192.16,
12/26/2023,"DEBIT CARD PURCHASE AMZN Mktp US*KT1CH0ZK3 Amzn.com/bill WA1221232469216B3313QG (Cash)",,"No Description",Cash,0,,0.000,USD,,0,,,,-66.52,5221.35,
12/26/2023,"BILL PAYMENT PWC SERVICE AUTHORITY (Cash)", ,"No Description",Cash,0,,0.000,USD,,0,,,,-122.26,5287.87,
12/26/2023,"DEBIT CARD PURCHASE PAYPAL *PYPL PAYIN4 888-221-1161 CA1223232411641B51Z76W (Cash)",,"No Description",Cash,0,,0.000,USD,,0,,,,-172.24,5410.13,
12/22/2023,"REINVESTMENT SPDR BLOOMBERG SHORT TERM HIGH YIELD... (SJNK) (Cash)",SJNK,"SPDR BLOOMBERG SHORT TERM HIGH YIELD BO",Cash,0,,0.02,USD,25.16,0,,,,-0.51,5582.37,
12/22/2023,"DIVIDEND RECEIVED SPDR BLOOMBERG SHORT TERM HIGH YIELD... (SJNK) (Cash)",SJNK,"SPDR BLOOMBERG SHORT TERM HIGH YIELD BO",Cash,0,,0.000,USD,,0,,,,0.51,5582.88,
12/22/2023,"DIVIDEND RECEIVED INVESCO ACTVELY MNGD ETC FD TR OPTIM... (PDBC) (Cash)",PDBC,"INVESCO ACTVELY MNGD ETC FD TR OPTIMUM ",Cash,0,,0.000,USD,,0,,,,2.88,5582.37,
12/22/2023,"TRANSFERRED TO VS Z23-693697-1 (Cash)", ,"No Description",Cash,0,,0.000,USD,,0,,,,-500,5579.49,
12/21/2023,"REINVESTMENT FLEXSHARES CREDIT-SCORED US LONG COR... (LKOR) (Cash)",LKOR,"FLEXSHARES CREDIT-SCORED US LONG CORP B",Cash,0,,0.021,USD,44.67,0,,,,-0.96,6079.49,
12/21/2023,"DIVIDEND RECEIVED FLEXSHARES CREDIT-SCORED US LONG COR... (LKOR) (Cash)",LKOR,"FLEXSHARES CREDIT-SCORED US LONG CORP B",Cash,0,,0.000,USD,,0,,,,0.96,6080.45,
12/21/2023,"REINVESTMENT FIDELITY DIVIDEND GROWTH (FDGFX) (Cash)",FDGFX,"FIDELITY DIVIDEND GROWTH",Cash,0,,0.007,USD,32.7,0,,,,-0.21,6079.49,
12/21/2023,"DIVIDEND RECEIVED FIDELITY DIVIDEND GROWTH (FDGFX) (Cash)",FDGFX,"FIDELITY DIVIDEND GROWTH",Cash,0,,0.000,USD,,0,,,,0.09,6079.70,
12/21/2023,"REINVESTMENT FIDELITY CAPITAL & INCOME (FAGIX) (Cash)",FAGIX,"FIDELITY CAPITAL & INCOME",Cash,0,,0.012,USD,9.63,0,,,,-0.12,6079.61,
12/21/2023,"DIVIDEND RECEIVED FIDELITY CAPITAL & INCOME (FAGIX) (Cash)",FAGIX,"FIDELITY CAPITAL & INCOME",Cash,0,,0.000,USD,,0,,,,0.12,6079.73,
12/21/2023,"LONG-TERM CAP GAIN FIDELITY DIVIDEND GROWTH (FDGFX) (Cash)",FDGFX,"FIDELITY DIVIDEND GROWTH",Cash,0,,0.000,USD,,0,,,,0.12,6079.61,
12/21/2023,"YOU BOUGHT TXNM ENERGY INC COM (TXNM) (Cash)",TXNM,"TXNM ENERGY INC COM",Cash,0,,0.187,USD,42.62,0,,,,-7.97,6079.49,12/26/2023
12/21/2023,"TRANSFERRED TO VS Z23-693697-1 (Cash)", ,"No Description",Cash,0,,0.000,USD,,0,,,,-35,6087.46,
12/21/2023,"DIRECT DEPOSIT COM2 TREAS 3 FED SAL (Cash)", ,"No Description",Cash,0,,0.000,USD,,0,,,,4111.86,6122.46,
12/20/2023,"REINVESTMENT ISHARES TR JP MOR EM MK ETF (EMB) (Cash)",EMB,"ISHARES TR JP MOR EM MK ETF",Cash,0,,0.001,USD,88.7,0,,,,-0.09,2010.60,
12/20/2023,"DIVIDEND RECEIVED ISHARES TR JP MOR EM MK ETF (EMB) (Cash)",EMB,"ISHARES TR JP MOR EM MK ETF",Cash,0,,0.000,USD,,0,,,,0.09,2010.69,
12/20/2023,"REINVESTMENT DOMINION ENERGY INC COM (D) (Cash)",D,"DOMINION ENERGY INC COM",Cash,0,,0.023,USD,48.59,0,,,,-1.13,2010.60,
12/20/2023,"DIVIDEND RECEIVED DOMINION ENERGY INC COM (D) (Cash)",D,"DOMINION ENERGY INC COM",Cash,0,,0.000,USD,,0,,,,1.13,2011.73,
12/20/2023,"DEBIT CARD PURCHASE POS150 MANASSAS PARK MANASSAS PAR VA1219232425131B1F6JVM (Cash)",,"No Description",Cash,0,,0.000,USD,,0,,,,-20,2010.60,
12/20/2023,"DEBIT CARD PURCHASE WWW.TIME4LEARNING.COM 954-7710914 FL1218232490641B05GJXZ (Cash)",,"No Description",Cash,0,,0.000,USD,,0,,,,-24.95,2030.60,
12/19/2023,"DEBIT CARD PURCHASE YORKSHIRE RESTAURANT MANASSAS VA1217232427539AZS66L7 (Cash)",,"No Description",Cash,0,,0.000,USD,,0,,,,-42,2055.55,
12/19/2023,"TRANSFERRED TO VS Z23-693697-1 (Cash)", ,"No Description",Cash,0,,0.000,USD,,0,,,,-90,2097.55,
12/18/2023,"DEBIT CARD PURCHASE GREENLIGHT 404-953-5925 GA1215232449215AXLRND3 (Cash)",,"No Description",Cash,0,,0.000,USD,,0,,,,-10,2187.55,
12/18/2023,"DEBIT CARD PURCHASE HOSTING MATTERS 904-289-9999 FL1215232444500AX5SQS2 (Cash)",,"No Description",Cash,0,,0.000,USD,,0,,,,-11,2197.55,
12/18/2023,"DEBIT CARD PURCHASE Amazon.com*HC0RP8K93 Amzn.com/bill WA1215232469216AY2ZBDT (Cash)",,"No Description",Cash,0,,0.000,USD,,0,,,,-18.72,2208.55,
12/18/2023,"DEBIT CARD PURCHASE GREENLIGHT 404-953-5925 GA1216232449215AYMLTNS (Cash)",,"No Description",Cash,0,,0.000,USD,,0,,,,-20,2227.27,
12/18/2023,"DEBIT CARD PURCHASE PAYPAL *Roetto Michael Visa Direct CA1217232424818AZ000X2 (Cash)",,"No Description",Cash,0,,0.000,USD,,0,,,,-23,2247.27,
12/18/2023,"DEBIT CARD PURCHASE POS9887 7-ELEVEN 37230 MANASSAS VA1214232425131AXF6JVL (Cash)",,"No Description",Cash,0,,0.000,USD,,0,,,,-41.8,2270.27,
12/18/2023,"DEBIT CARD PURCHASE PIZZA HUT 037448 https://ipcha VA1215232494300AY2M3EJ (Cash)",,"No Description",Cash,0,,0.000,USD,,0,,,,-66.29,2312.07,
12/15/2023,"REINVESTMENT SS&C TECHNOLOGIES HLDGS INC COM (SSNC) (Cash)",SSNC,"SS&C TECHNOLOGIES HLDGS INC COM",Cash,0,,0.004,USD,58.5,0,,,,-0.24,2378.36,
12/15/2023,"DIVIDEND RECEIVED SS&C TECHNOLOGIES HLDGS INC COM (SSNC) (Cash)",SSNC,"SS&C TECHNOLOGIES HLDGS INC COM",Cash,0,,0.000,USD,,0,,,,0.24,2378.60,
12/15/2023,"REINVESTMENT HEARTLAND EXPRESS INC (HTLD) (Cash)",HTLD,"HEARTLAND EXPRESS INC",Cash,0,,0.001,USD,13.4,0,,,,-0.02,2378.36,
12/15/2023,"DIVIDEND RECEIVED HEARTLAND EXPRESS INC (HTLD) (Cash)",HTLD,"HEARTLAND EXPRESS INC",Cash,0,,0.000,USD,,0,,,,0.02,2378.38,
12/15/2023,"REINVESTMENT FIRST AMERICAN FINANCIAL CORP (FAF) (Cash)",FAF,"FIRST AMERICAN FINANCIAL CORP",Cash,0,,0.018,USD,60.93,0,,,,-1.08,2378.36,
12/15/2023,"DIVIDEND RECEIVED FIRST AMERICAN FINANCIAL CORP (FAF) (Cash)",FAF,"FIRST AMERICAN FINANCIAL CORP",Cash,0,,0.000,USD,,0,,,,1.08,2379.44,
12/15/2023,"DEBIT CARD PURCHASE Amazon.com*PF9DQ5HJ3 Amzn.com/bill WA1213232469216AV2XJH8 (Cash)",,"No Description",Cash,0,,0.000,USD,,0,,,,-15.9,2378.36,
12/15/2023,"DEBIT CARD PURCHASE PAYPAL *Roetto Michael Visa Direct CA1213232424818AV006AF (Cash)",,"No Description",Cash,0,,0.000,USD,,0,,,,-70,2394.26,
12/15/2023,"TRANSFERRED TO VS Z23-693697-1 (Cash)", ,"No Description",Cash,0,,0.000,USD,,0,,,,-411,2464.26,
12/15/2023,"BILL PAYMENT WELLS FARGO AUTO (Cash)", ,"No Description",Cash,0,,0.000,USD,,0,,,,-922.18,2875.26,
12/14/2023,"YOU BOUGHT VANGUARD SCOTTSDALE FDS VANGUARD SHO... (VCSH) (Cash)",VCSH,"VANGUARD SCOTTSDALE FDS VANGUARD SHORT-",Cash,0,,0.09,USD,77.3,0,,,,-6.96,3797.44,12/18/2023
12/14/2023,"YOU BOUGHT SPDR BLOOMBERG SHORT TERM HIGH YIELD... (SJNK) (Cash)",SJNK,"SPDR BLOOMBERG SHORT TERM HIGH YIELD BO",Cash,0,,0.56,USD,25.27,0,,,,-14.15,3804.40,12/18/2023
12/14/2023,"YOU SOLD EX-DIV DATE 12/15/23RECORD DATE 12/18/23PAYABLE DTE 12/29/23 PROLOGIS INC. COM (PLD) (Cash)",PLD,"PROLOGIS INC. COM",Cash,0,,-0.13,USD,135.35,0,,,,17.6,3818.55,12/18/2023
12/14/2023,"YOU BOUGHT J P MORGAN EXCHANGE TRADED FD INTL B... (JPIB) (Cash)",JPIB,"J P MORGAN EXCHANGE TRADED FD INTL BD O",Cash,0,,0.104,USD,47.71,0,,,,-4.96,3800.95,12/18/2023
12/14/2023,"YOU SOLD FIRST AMERICAN FINANCIAL CORP (FAF) (Cash)",FAF,"FIRST AMERICAN FINANCIAL CORP",Cash,0,,-0.127,USD,64.54,0,,,,8.2,3805.91,12/18/2023
12/14/2023,"YOU BOUGHT ENTRAVISION COMMUNICATIONS CORP (EVC) (Cash)",EVC,"ENTRAVISION COMMUNICATIONS CORP",Cash,0,,1,USD,4.35,0,,,,-4.35,3797.71,12/18/2023
12/14/2023,"YOU BOUGHT ENTRAVISION COMMUNICATIONS CORP (EVC) (Cash)",EVC,"ENTRAVISION COMMUNICATIONS CORP",Cash,0,,0.378,USD,4.36,0,,,,-1.65,3802.06,12/18/2023
12/14/2023,"YOU SOLD ACADIAN ASSET MANAGEMENT INC. COM (AAMI) (Cash)",AAMI,"ACADIAN ASSET MANAGEMENT INC. COM",Cash,0,,-0.763,USD,20.02,0,,,,15.28,3803.71,12/18/2023
12/14/2023,"YOU BOUGHT BERKSHIRE HATHAWAY INC COM USD0.0033... (BRKB) (Cash)",BRKB,"BERKSHIRE HATHAWAY INC COM USD0.0033 CL",Cash,0,,0.025,USD,359.54,0,,,,-8.99,3788.43,12/18/2023
12/14/2023,"DEBIT CARD PURCHASE Netflix 1 8445052993 CA1212232400284AS00FHX (Cash)",,"No Description",Cash,0,,0.000,USD,,0,,,,-15.49,3797.42,
12/14/2023,"DEBIT CARD PURCHASE Amazon.com*ED7GY0Y03 Amzn.com/bill WA1212232469216AS35FAN (Cash)",,"No Description",Cash,0,,0.000,USD,,0,,,,-22.35,3812.91,
12/13/2023,"YOU SOLD NOVARTIS AG SPONSORED ADR (NVS) (Cash)",NVS,"NOVARTIS AG SPONSORED ADR",Cash,0,,-0.092,USD,98.87,0,,,,9.1,3835.26,12/15/2023
12/13/2023,"YOU BOUGHT FORTIS INC COM ISIN #CA3495531079 SE... (FTS) (Cash)",FTS,"FORTIS INC COM ISIN #CA3495531079 SEDOL",Cash,0,,0.124,USD,40.1,0,,,,-4.97,3826.16,12/15/2023
12/13/2023,"YOU BOUGHT AMERICA MOVIL SAB DE CV SPON ADS EAC... (AMX) (Cash)",AMX,"AMERICA MOVIL SAB DE CV SPON ADS EACH R",Cash,0,,0.497,USD,18.1,0,,,,-9,3831.13,12/15/2023
12/13/2023,"YOU BOUGHT ETFS GOLD TR PHYSCL GOLD SHS (SGOL) (Cash)",SGOL,"ETFS GOLD TR PHYSCL GOLD SHS",Cash,0,,0.633,USD,18.95,0,,,,-12,3840.13,12/15/2023
12/13/2023,"YOU SOLD ASML HOLDING NV EUR0.09 NY REGISTRY ... (ASML) (Cash)",ASML,"ASML HOLDING NV EUR0.09 NY REGISTRY SHS",Cash,0,,-0.015,USD,721.72,0,,,,10.83,3852.13,12/15/2023
12/13/2023,"YOU SOLD WITH DUE BILLS BUNGE GLOBAL SA COM USD0.01 (BG) (Cash)",BG,"BUNGE GLOBAL SA COM USD0.01",Cash,0,,-0.054,USD,103.87,0,,,,5.61,3841.30,12/15/2023
12/13/2023,"DEBIT CARD PURCHASE PLEXINCPASS MONTHLY PLEX.TV CA1211232449215ATLTXR4 (Cash)",,"No Description",Cash,0,,0.000,USD,,0,,,,-4.99,3835.69,
12/13/2023,"DEBIT CARD PURCHASE GREENLIGHT 404-953-5925 GA1211232449215ATMMYB7 (Cash)",,"No Description",Cash,0,,0.000,USD,,0,,,,-4.99,3840.68,
12/13/2023,"DEBIT CARD PURCHASE POSM6KE 7-ELEVEN MANASSAS VA1211232425131ASF6JVK (Cash)",,"No Description",Cash,0,,0.000,USD,,0,,,,-9.5,3845.67,
12/13/2023,"DEBIT CARD PURCHASE PAYPAL *PYPL PAYIN4 888-221-1161 CA1211232411641AT1YR57 (Cash)",,"No Description",Cash,0,,0.000,USD,,0,,,,-30.88,3855.17,
12/13/2023,"TRANSFERRED TO VS Z23-693697-1 (Cash)", ,"No Description",Cash,0,,0.000,USD,,0,,,,-40,3886.05,
12/13/2023,"TRANSFERRED TO VS Z23-693697-1 (Cash)", ,"No Description",Cash,0,,0.000,USD,,0,,,,-65,3926.05,
12/13/2023,"DEBIT CARD PURCHASE AMZN Mktp US*6R9NN3CG3 Amzn.com/bill WA1212232469216AS35Q48 (Cash)",,"No Description",Cash,0,,0.000,USD,,0,,,,-100.85,3991.05,
12/12/2023,"REINVESTMENT as of Dec-08-2023 VALE S.A. SPONS ADS REPR 1 COM NPV (VALE) (Cash)",VALE,"VALE S.A. SPONS ADS REPR 1 COM NPV",Cash,0,,0.067,USD,14.67,0,,,,-0.98,4091.90,
12/12/2023,"REINVESTMENT as of Dec-08-2023 VALE S.A. SPONS ADS REPR 1 COM NPV (VALE) (Cash)",VALE,"VALE S.A. SPONS ADS REPR 1 COM NPV",Cash,0,,0.029,USD,14.67,0,,,,-0.42,4092.88,
12/12/2023,"FEE CHARGED as of Dec-08-2023 VALE S.A. SPONS ADS REPR 1 COM NPV (VALE) (Cash)",VALE,"VALE S.A. SPONS ADS REPR 1 COM NPV",Cash,0,,0.000,USD,,0,,,,-0.02,4093.30,
12/12/2023,"FOREIGN TAX PAID as of Dec-08-2023 VALE S.A. SPONS ADS REPR 1 COM NPV (VALE) (Cash)",VALE,"VALE S.A. SPONS ADS REPR 1 COM NPV",Cash,0,,0.000,USD,,0,,,,-0.07,4093.32,
12/12/2023,"DIVIDEND RECEIVED as of Dec-08-2023 VALE S.A. SPONS ADS REPR 1 COM NPV (VALE) (Cash)",VALE,"VALE S.A. SPONS ADS REPR 1 COM NPV",Cash,0,,0.000,USD,,0,,,,0.49,4093.39,
12/12/2023,"DIVIDEND RECEIVED as of Dec-08-2023 VALE S.A. SPONS ADS REPR 1 COM NPV (VALE) (Cash)",VALE,"VALE S.A. SPONS ADS REPR 1 COM NPV",Cash,0,,0.000,USD,,0,,,,1,4092.90,
12/11/2023,"FEE CHARGED NICE LTD ADR-EACH CNV INTO 1 ORD ILS1 (NICE) (Cash)",NICE,"NICE LTD ADR-EACH CNV INTO 1 ORD ILS1",Cash,0,,0.000,USD,,0,,,,-0.01,4091.90,
12/11/2023,"DEBIT CARD PURCHASE PAYPAL *Roetto Michael Visa Direct CA1208232424818AN0063M (Cash)",,"No Description",Cash,0,,0.000,USD,,0,,,,-12.95,4091.91,
12/11/2023,"DEBIT CARD PURCHASE PAYPAL *Roetto Michael Visa Direct CA1208232424818AN005Z7 (Cash)",,"No Description",Cash,0,,0.000,USD,,0,,,,-15,4104.86,
12/11/2023,"DEBIT CARD PURCHASE GREENLIGHT 404-953-5925 GA1209232449215APLRP75 (Cash)",,"No Description",Cash,0,,0.000,USD,,0,,,,-20,4119.86,
12/11/2023,"TRANSFERRED TO VS Z23-693697-1 (Cash)", ,"No Description",Cash,0,,0.000,USD,,0,,,,-25,4139.86,
12/11/2023,"DEBIT CARD PURCHASE PAYPAL *Roetto Michael Visa Direct CA1209232424818AP005ZW (Cash)",,"No Description",Cash,0,,0.000,USD,,0,,,,-25,4164.86,
12/11/2023,"DEBIT CARD PURCHASE PAYPAL *Roetto Michael Visa Direct CA1208232424818AN005Z8 (Cash)",,"No Description",Cash,0,,0.000,USD,,0,,,,-46.18,4189.86,
12/11/2023,"DEBIT CARD PURCHASE PIZZA HUT 037448 https://ipcha VA1208232494300AP2M3HD (Cash)",,"No Description",Cash,0,,0.000,USD,,0,,,,-60.23,4236.04,
12/11/2023,"DEBIT CARD PURCHASE POS7300 WM SUPERCENTER MANASSAS VA1207232425131ANF6JVJ (Cash)",,"No Description",Cash,0,,0.000,USD,,0,,,,-65.04,4296.27,
12/11/2023,"DEBIT CARD PURCHASE PAYPAL *PYPL PAYIN4 888-221-1161 CA1208232411641AN1YKXG (Cash)",,"No Description",Cash,0,,0.000,USD,,0,,,,-172.25,4361.31,
12/11/2023,"BILL PAYMENT SELECT PORTFOLIO SERVIC (Cash)", ,"No Description",Cash,0,,0.000,USD,,0,,,,-1559,4533.56,
12/08/2023,"DIVIDEND RECEIVED OTIS WORLDWIDE CORP COM (OTIS) (Cash)",OTIS,"OTIS WORLDWIDE CORP COM",Cash,0,,0.000,USD,,0,,,,0.06,6092.56,
12/08/2023,"YOU SOLD VANGUARD SCOTTSDALE FDS VANGUARD SHO... (VCSH) (Cash)",VCSH,"VANGUARD SCOTTSDALE FDS VANGUARD SHORT-",Cash,0,,-0.25,USD,76.36,0,,,,19.09,6092.50,12/12/2023
12/08/2023,"YOU SOLD VANECK ETF TR FALLEN ANGEL HIGH YLD ... (ANGL) (Cash)",ANGL,"VANECK ETF TR FALLEN ANGEL HIGH YLD BD ",Cash,0,,-0.559,USD,28.22,0,,,,15.77,6073.41,12/12/2023
12/08/2023,"YOU BOUGHT SPDR BLOOMBERG SHORT TERM HIGH YIELD... (SJNK) (Cash)",SJNK,"SPDR BLOOMBERG SHORT TERM HIGH YIELD BO",Cash,0,,2,USD,24.77,0,,,,-49.53,6057.64,12/12/2023
12/08/2023,"YOU BOUGHT SPDR BLOOMBERG SHORT TERM HIGH YIELD... (SJNK) (Cash)",SJNK,"SPDR BLOOMBERG SHORT TERM HIGH YIELD BO",Cash,0,,1,USD,24.78,0,,,,-24.78,6107.17,12/12/2023
12/08/2023,"YOU SOLD J P MORGAN EXCHANGE TRADED FD INTL B... (JPIB) (Cash)",JPIB,"J P MORGAN EXCHANGE TRADED FD INTL BD O",Cash,0,,-0.411,USD,46.79,0,,,,19.23,6131.95,12/12/2023
12/08/2023,"YOU SOLD FIRST TR EXCHANGE TRADED FD III FIRS... (FPE) (Cash)",FPE,"FIRST TR EXCHANGE TRADED FD III FIRST T",Cash,0,,-0.106,USD,16.51,0,,,,1.75,6112.72,12/12/2023
12/08/2023,"YOU SOLD FIRST TR EXCHANGE TRADED FD III FIRS... (FPE) (Cash)",FPE,"FIRST TR EXCHANGE TRADED FD III FIRST T",Cash,0,,-1,USD,16.52,0,,,,16.52,6110.97,12/12/2023
12/08/2023,"BILL PAYMENT NOVEC (Cash)", ,"No Description",Cash,0,,0.000,USD,,0,,,,-128.74,6094.45,
12/08/2023,"BILL PAYMENT NOVEC (Cash)", ,"No Description",Cash,0,,0.000,USD,,0,,,,-180.47,6223.19,
12/08/2023,"TRANSFERRED TO VS Z23-693697-1 (Cash)", ,"No Description",Cash,0,,0.000,USD,,0,,,,-380,6403.66,
12/07/2023,"REINVESTMENT VANECK ETF TR VANECK LONG MUNI ETF (MLN) (Cash)",MLN,"VANECK ETF TR VANECK LONG MUNI ETF",Cash,0,,0.044,USD,17.76,0,,,,-0.79,6783.66,
12/07/2023,"REINVESTMENT VANECK ETF TR FALLEN ANGEL HIGH YLD ... (ANGL) (Cash)",ANGL,"VANECK ETF TR FALLEN ANGEL HIGH YLD BD ",Cash,0,,0.032,USD,28.24,0,,,,-0.89,6784.45,
12/07/2023,"DIVIDEND RECEIVED VANECK ETF TR FALLEN ANGEL HIGH YLD ... (ANGL) (Cash)",ANGL,"VANECK ETF TR FALLEN ANGEL HIGH YLD BD ",Cash,0,,0.000,USD,,0,,,,0.89,6785.34,
12/07/2023,"REINVESTMENT ISHARES TR JP MOR EM MK ETF (EMB) (Cash)",EMB,"ISHARES TR JP MOR EM MK ETF",Cash,0,,0.001,USD,86.68,0,,,,-0.08,6784.45,
12/07/2023,"DIVIDEND RECEIVED ISHARES TR JP MOR EM MK ETF (EMB) (Cash)",EMB,"ISHARES TR JP MOR EM MK ETF",Cash,0,,0.000,USD,,0,,,,0.08,6784.53,
12/07/2023,"REINVESTMENT FLEXSHARES CREDIT-SCORED US LONG COR... (LKOR) (Cash)",LKOR,"FLEXSHARES CREDIT-SCORED US LONG CORP B",Cash,0,,0.022,USD,42.98,0,,,,-0.93,6784.45,
12/07/2023,"DIVIDEND RECEIVED FLEXSHARES CREDIT-SCORED US LONG COR... (LKOR) (Cash)",LKOR,"FLEXSHARES CREDIT-SCORED US LONG CORP B",Cash,0,,0.000,USD,,0,,,,0.93,6785.38,
12/07/2023,"DIVIDEND RECEIVED VANECK ETF TR VANECK LONG MUNI ETF (MLN) (Cash)",MLN,"VANECK ETF TR VANECK LONG MUNI ETF",Cash,0,,0.000,USD,,0,,,,0.79,6784.45,
12/07/2023,"YOU SOLD SERVICE CORPORATION INTERNATIONAL CO... (SCI) (Cash)",SCI,"SERVICE CORPORATION INTERNATIONAL COM U",Cash,0,,-0.29,USD,65.52,0,,,,19,6783.66,12/11/2023
12/07/2023,"YOU SOLD GILEAD SCIENCES INC COM USD0.001 (GILD) (Cash)",GILD,"GILEAD SCIENCES INC COM USD0.001",Cash,0,,-0.075,USD,78.49,0,,,,5.89,6764.66,12/11/2023
12/07/2023,"YOU BOUGHT CARRIER GLOBAL CORPORATION COM (CARR) (Cash)",CARR,"CARRIER GLOBAL CORPORATION COM",Cash,0,,0.454,USD,52.84,0,,,,-23.99,6758.77,12/11/2023
12/07/2023,"TRANSFERRED TO VS Z23-693697-1 (Cash)", ,"No Description",Cash,0,,0.000,USD,,0,,,,-40,6782.76,
12/07/2023,"DIRECT DEPOSIT COM2 TREAS 3 FED SAL (Cash)", ,"No Description",Cash,0,,0.000,USD,,0,,,,4040.53,6822.76,
12/06/2023,"REINVESTMENT VANGUARD SCOTTSDALE FDS VANGUARD SHO... (VCSH) (Cash)",VCSH,"VANGUARD SCOTTSDALE FDS VANGUARD SHORT-",Cash,0,,0.004,USD,76.47,0,,,,-0.31,2782.23,
12/06/2023,"DIVIDEND RECEIVED VANGUARD SCOTTSDALE FDS VANGUARD SHO... (VCSH) (Cash)",VCSH,"VANGUARD SCOTTSDALE FDS VANGUARD SHORT-",Cash,0,,0.000,USD,,0,,,,0.31,2782.54,
12/06/2023,"REINVESTMENT J P MORGAN EXCHANGE TRADED FD INTL B... (JPIB) (Cash)",JPIB,"J P MORGAN EXCHANGE TRADED FD INTL BD O",Cash,0,,0.01,USD,46.78,0,,,,-0.49,2782.23,
12/06/2023,"DIVIDEND RECEIVED J P MORGAN EXCHANGE TRADED FD INTL B... (JPIB) (Cash)",JPIB,"J P MORGAN EXCHANGE TRADED FD INTL BD O",Cash,0,,0.000,USD,,0,,,,0.49,2782.72,
12/06/2023,"REINVESTMENT as of Dec-04-2023 LYONDELLBASELL INDUSTRIES N V COM EU... (LYB) (Cash)",LYB,"LYONDELLBASELL INDUSTRIES N V COM EUR0.",Cash,0,,0.008,USD,93.06,0,,,,-0.78,2782.23,
12/06/2023,"DIVIDEND RECEIVED as of Dec-04-2023 LYONDELLBASELL INDUSTRIES N V COM EU... (LYB) (Cash)",LYB,"LYONDELLBASELL INDUSTRIES N V COM EUR0.",Cash,0,,0.000,USD,,0,,,,0.78,2783.01,
12/06/2023,"YOU SOLD NICE LTD ADR-EACH CNV INTO 1 ORD ILS1 (NICE) (Cash)",NICE,"NICE LTD ADR-EACH CNV INTO 1 ORD ILS1",Cash,0,,-0.179,USD,200.93,0,,,,35.97,2782.23,12/08/2023
12/06/2023,"YOU BOUGHT BERKSHIRE HATHAWAY INC COM USD0.0033... (BRKB) (Cash)",BRKB,"BERKSHIRE HATHAWAY INC COM USD0.0033 CL",Cash,0,,0.102,USD,352.61,0,,,,-35.97,2746.26,12/08/2023
12/06/2023,"DEBIT CARD PURCHASE Amazon.com*WE6D06L43 Amzn.com/bill WA1205232469216AK2Z9KX (Cash)",,"No Description",Cash,0,,0.000,USD,,0,,,,-24.05,2782.23,
12/06/2023,"DEBIT CARD PURCHASE AMZN Mktp US*K41CW4F83 Amzn.com/bill WA1205232469216AK2Z954 (Cash)",,"No Description",Cash,0,,0.000,USD,,0,,,,-26.04,2806.28,
12/06/2023,"DEBIT CARD PURCHASE PAYPAL *Roetto Michael Visa Direct CA1204232424818AJ003M5 (Cash)",,"No Description",Cash,0,,0.000,USD,,0,,,,-434.52,2832.32,
12/05/2023,"REINVESTMENT as of Dec-01-2023 FORTIS INC COM ISIN #CA3495531079 SE... (FTS) (Cash)",FTS,"FORTIS INC COM ISIN #CA3495531079 SEDOL",Cash,0,,0.016,USD,40.7,0,,,,-0.65,3266.84,
12/05/2023,"REINVESTMENT as of Dec-01-2023 BUNGE GLOBAL SA COM USD0.01 (BG) (Cash)",BG,"BUNGE GLOBAL SA COM USD0.01",Cash,0,,0.003,USD,108.69,0,,,,-0.3,3267.49,
12/05/2023,"FOREIGN TAX PAID as of Dec-01-2023 FORTIS INC COM ISIN #CA3495531079 SE... (FTS) (Cash)",FTS,"FORTIS INC COM ISIN #CA3495531079 SEDOL",Cash,0,,0.000,USD,,0,,,,-0.12,3267.79,
12/05/2023,"DIVIDEND RECEIVED as of Dec-01-2023 FORTIS INC COM ISIN #CA3495531079 SE... (FTS) (Cash)",FTS,"FORTIS INC COM ISIN #CA3495531079 SEDOL",Cash,0,,0.000,USD,,0,,,,0.77,3267.91,
12/05/2023,"DIVIDEND RECEIVED as of Dec-01-2023 BUNGE GLOBAL SA COM USD0.01 (BG) (Cash)",BG,"BUNGE GLOBAL SA COM USD0.01",Cash,0,,0.000,USD,,0,,,,0.3,3267.14,
12/05/2023,"YOU SOLD SERVICE CORPORATION INTERNATIONAL CO... (SCI) (Cash)",SCI,"SERVICE CORPORATION INTERNATIONAL COM U",Cash,0,,-0.18,USD,64.85,0,,,,11.67,3266.84,12/07/2023
12/05/2023,"YOU BOUGHT CARRIER GLOBAL CORPORATION COM (CARR) (Cash)",CARR,"CARRIER GLOBAL CORPORATION COM",Cash,0,,0.222,USD,52.51,0,,,,-11.66,3255.17,12/07/2023
12/05/2023,"BILL PAYMENT VERIZON WIRELESS (Cash)", ,"No Description",Cash,0,,0.000,USD,,0,,,,-147.55,3266.83,
12/04/2023,"REINVESTMENT as of Nov-30-2023 PETROLEO BRASILEIRO SA PETROBRAS SPO... (PBR) (Cash)",PBR,"PETROLEO BRASILEIRO SA PETROBRAS SPON A",Cash,0,,0.01,USD,15.32,0,,,,-0.15,3414.38,
12/04/2023,"REINVESTMENT as of Nov-30-2023 PETROLEO BRASILEIRO SA PETROBRAS SPO... (PBR) (Cash)",PBR,"PETROLEO BRASILEIRO SA PETROBRAS SPON A",Cash,0,,0.006,USD,15.32,0,,,,-0.09,3414.53,
12/04/2023,"FEE CHARGED as of Nov-30-2023 PETROLEO BRASILEIRO SA PETROBRAS SPO... (PBR) (Cash)",PBR,"PETROLEO BRASILEIRO SA PETROBRAS SPON A",Cash,0,,0.000,USD,,0,,,,-0.01,3414.62,
12/04/2023,"FOREIGN TAX PAID as of Nov-30-2023 PETROLEO BRASILEIRO SA PETROBRAS SPO... (PBR) (Cash)",PBR,"PETROLEO BRASILEIRO SA PETROBRAS SPON A",Cash,0,,0.000,USD,,0,,,,-0.03,3414.63,
12/04/2023,"DIVIDEND RECEIVED as of Nov-30-2023 PETROLEO BRASILEIRO SA PETROBRAS SPO... (PBR) (Cash)",PBR,"PETROLEO BRASILEIRO SA PETROBRAS SPON A",Cash,0,,0.000,USD,,0,,,,0.1,3414.66,
12/04/2023,"DIVIDEND RECEIVED as of Nov-30-2023 PETROLEO BRASILEIRO SA PETROBRAS SPO... (PBR) (Cash)",PBR,"PETROLEO BRASILEIRO SA PETROBRAS SPON A",Cash,0,,0.000,USD,,0,,,,0.18,3414.56,
12/04/2023,"DEBIT CARD PURCHASE GREENLIGHT 404-953-5925 GA1201232449215AFML3V2 (Cash)",,"No Description",Cash,0,,0.000,USD,,0,,,,-9.5,3414.38,
12/04/2023,"DEBIT CARD PURCHASE Amazon web services aws.amazon.co WA1202232469216AG2X8VM (Cash)",,"No Description",Cash,0,,0.000,USD,,0,,,,-26.41,3423.88,
12/04/2023,"TRANSFERRED TO VS 239-574793-1 CURRENT CONTRIBUTION (Cash)", ,"No Description",Cash,0,,0.000,USD,,0,,,,-45,3450.29,
12/04/2023,"DEBIT CARD PURCHASE PAYPAL *Roetto Michael Visa Direct CA1201232424818AF0054M (Cash)",,"No Description",Cash,0,,0.000,USD,,0,,,,-175,3495.29,
12/01/2023,"REINVESTMENT FORD MTR CO DEL COM (F) (Cash)",F,"FORD MTR CO DEL COM",Cash,0,,0.011,USD,10.71,0,,,,-0.12,3670.29,
12/01/2023,"DIVIDEND RECEIVED FORD MTR CO DEL COM (F) (Cash)",F,"FORD MTR CO DEL COM",Cash,0,,0.000,USD,,0,,,,0.12,3670.41,
12/01/2023,"TRANSFERRED TO VS Z23-693697-1 (Cash)", ,"No Description",Cash,0,,0.000,USD,,0,,,,-175,3670.29,
12/01/2023,"TRANSFERRED TO VS Z23-693697-1 (Cash)", ,"No Description",Cash,0,,0.000,USD,,0,,,,-480,3845.29,
12/01/2023,"TRANSFERRED FROM VS Z23-693697-1 (Cash)", ,"No Description",Cash,0,,0.000,USD,,0,,,,175,4325.29,
11/30/2023,"REINVESTMENT TAITRON COMPONENTS INC (TAIT) (Cash)",TAIT,"TAITRON COMPONENTS INC",Cash,0,,0.292,USD,3.39,0,,,,-0.99,4150.29,
11/30/2023,"DIVIDEND RECEIVED TAITRON COMPONENTS INC (TAIT) (Cash)",TAIT,"TAITRON COMPONENTS INC",Cash,0,,0.000,USD,,0,,,,0.99,4151.28,
11/30/2023,"REINVESTMENT FIRST TR EXCHANGE TRADED FD III FIRS... (FPE) (Cash)",FPE,"FIRST TR EXCHANGE TRADED FD III FIRST T",Cash,0,,0.05,USD,16.19,0,,,,-0.81,4150.29,
11/30/2023,"DIVIDEND RECEIVED FIRST TR EXCHANGE TRADED FD III FIRS... (FPE) (Cash)",FPE,"FIRST TR EXCHANGE TRADED FD III FIRST T",Cash,0,,0.000,USD,,0,,,,0.81,4151.10,
11/30/2023,"REINVESTMENT FID L/T TREASURY BOND INDEX FUND (FNBGX) (Cash)",FNBGX,"FID L/T TREASURY BOND INDEX FUND",Cash,0,,0.071,USD,9.39,0,,,,-0.67,4150.29,
11/30/2023,"DIVIDEND RECEIVED FID L/T TREASURY BOND INDEX FUND (FNBGX) (Cash)",FNBGX,"FID L/T TREASURY BOND INDEX FUND",Cash,0,,0.000,USD,,0,,,,0.67,4150.96,
11/30/2023,"DIVIDEND RECEIVED FIDELITY GOVERNMENT MONEY MARKET (SPAXX) (Cash)",SPAXX,"FIDELITY GOVERNMENT MONEY MARKET",Cash,0,,0.000,USD,,0,,,,16.79,4150.29,
11/30/2023,"REINVESTMENT FIDELITY CAPITAL & INCOME (FAGIX) (Cash)",FAGIX,"FIDELITY CAPITAL & INCOME",Cash,0,,0.016,USD,9.41,0,,,,-0.15,4133.50,
11/30/2023,"DIVIDEND RECEIVED FIDELITY CAPITAL & INCOME (FAGIX) (Cash)",FAGIX,"FIDELITY CAPITAL & INCOME",Cash,0,,0.000,USD,,0,,,,0.15,4133.65,
11/30/2023,"YOU BOUGHT QUEST DIAGNOSTICS INC COM USD0.01 (DGX) (Cash)",DGX,"QUEST DIAGNOSTICS INC COM USD0.01",Cash,0,,0.104,USD,136.17,0,,,,-14.16,4133.50,12/04/2023
11/30/2023,"YOU SOLD NATIONAL HEALTHCARE CORP (NHC) (Cash)",NHC,"NATIONAL HEALTHCARE CORP",Cash,0,,-0.172,USD,76.5,0,,,,13.16,4147.66,12/04/2023
11/30/2023,"DEBIT CARD PURCHASE POSN176 7-ELEVEN MANASSAS VA1129232425131ADF6JVF (Cash)",,"No Description",Cash,0,,0.000,USD,,0,,,,-5.84,4134.50,
11/30/2023,"DEBIT CARD PURCHASE POS9887 7-ELEVEN 37230 MANASSAS VA1129232425131ADF6JVF (Cash)",,"No Description",Cash,0,,0.000,USD,,0,,,,-33.89,4140.34,
11/30/2023,"TRANSFERRED TO VS Z23-693697-1 (Cash)", ,"No Description",Cash,0,,0.000,USD,,0,,,,-75,4174.23,
11/30/2023,"DIRECT DEBIT STATE FARM RO SFPP (Cash)", ,"No Description",Cash,0,,0.000,USD,,0,,,,-229.05,4249.23,
11/29/2023,"REINVESTMENT VULCAN MATERIALS CO (VMC) (Cash)",VMC,"VULCAN MATERIALS CO",Cash,0,,0.001,USD,212.25,0,,,,-0.15,4478.28,
11/29/2023,"DIVIDEND RECEIVED VULCAN MATERIALS CO (VMC) (Cash)",VMC,"VULCAN MATERIALS CO",Cash,0,,0.000,USD,,0,,,,0.15,4478.43,
11/29/2023,"YOU SOLD TRANSPORTADORA DE GAS DEL SUR S.A SP... (TGS) (Cash)",TGS,"TRANSPORTADORA DE GAS DEL SUR S.A SPONS",Cash,0,,-0.075,USD,13.72,0,,,,1.03,4478.28,12/01/2023
11/29/2023,"YOU SOLD TRANSPORTADORA DE GAS DEL SUR S.A SP... (TGS) (Cash)",TGS,"TRANSPORTADORA DE GAS DEL SUR S.A SPONS",Cash,0,,-1,USD,13.81,0,,,,13.81,4477.25,12/01/2023
11/29/2023,"YOU BOUGHT NATIONAL HEALTHCARE CORP (NHC) (Cash)",NHC,"NATIONAL HEALTHCARE CORP",Cash,0,,0.089,USD,76.77,0,,,,-6.83,4463.44,12/01/2023
11/29/2023,"YOU SOLD NATIONAL HEALTHCARE CORP (NHC) (Cash)",NHC,"NATIONAL HEALTHCARE CORP",Cash,0,,-0.178,USD,76.52,0,,,,13.62,4470.27,12/01/2023
11/29/2023,"YOU BOUGHT INTERPARFUMS, INC. COMMON STOCK (IPAR) (Cash)",IPAR,"INTERPARFUMS, INC. COMMON STOCK",Cash,0,,0.048,USD,124.59,0,,,,-5.98,4456.65,12/01/2023
11/29/2023,"YOU BOUGHT INGREDION INC COM USD0.01 (INGR) (Cash)",INGR,"INGREDION INC COM USD0.01",Cash,0,,0.147,USD,101.81,0,,,,-14.97,4462.63,12/01/2023
11/29/2023,"BILL PAYMENT CAPITAL ONE AUTO FINANC (Cash)", ,"No Description",Cash,0,,0.000,USD,,0,,,,-700,4477.60,
11/28/2023,"DEBIT CARD PURCHASE POSM6KE 7-ELEVEN MANASSAS VA1126232425131ABF6JVF (Cash)",,"No Description",Cash,0,,0.000,USD,,0,,,,-14.65,5177.60,
11/28/2023,"DEBIT CARD PURCHASE POSM6KE 7-ELEVEN MANASSAS VA1125232425131ABF6JVF (Cash)",,"No Description",Cash,0,,0.000,USD,,0,,,,-20.01,5192.25,
11/28/2023,"DEBIT CARD PURCHASE PAYPAL *PYPL PAYIN4 888-221-1161 CA1126232411641AA1Z07D (Cash)",,"No Description",Cash,0,,0.000,USD,,0,,,,-30.89,5212.26,
11/27/2023,"REINVESTMENT NEXSTAR MEDIA GROUP INC COMMON STOCK (NXST) (Cash)",NXST,"NEXSTAR MEDIA GROUP INC COMMON STOCK",Cash,0,,0.004,USD,149.61,0,,,,-0.63,5243.15,
11/27/2023,"DIVIDEND RECEIVED NEXSTAR MEDIA GROUP INC COMMON STOCK (NXST) (Cash)",NXST,"NEXSTAR MEDIA GROUP INC COMMON STOCK",Cash,0,,0.000,USD,,0,,,,0.63,5243.78,
11/27/2023,"DEBIT CARD PURCHASE GREENLIGHT 404-953-5925 GA1124232449215A8MLSXW (Cash)",,"No Description",Cash,0,,0.000,USD,,0,,,,-10,5243.15,
11/27/2023,"DEBIT CARD PURCHASE PAYPAL *Roetto Michael Visa Direct CA1123232424818A70060T (Cash)",,"No Description",Cash,0,,0.000,USD,,0,,,,-25,5253.15,
11/27/2023,"TRANSFERRED TO VS Z23-693697-1 (Cash)", ,"No Description",Cash,0,,0.000,USD,,0,,,,-45,5278.15,
11/27/2023,"DEBIT CARD PURCHASE PAYPAL *PYPL PAYIN4 888-221-1161 CA1123232411641A71YVNJ (Cash)",,"No Description",Cash,0,,0.000,USD,,0,,,,-172.25,5323.15,
11/24/2023,"DEBIT CARD PURCHASE MARKET@WORK 2067379149 RENTON WA1121232443105A62LSZP (Cash)",,"No Description",Cash,0,,0.000,USD,,0,,,,-2.47,5495.40,
11/24/2023,"DEBIT CARD PURCHASE COSMO CAFE WASHINGTON DC1121232475542A57YFJH (Cash)",,"No Description",Cash,0,,0.000,USD,,0,,,,-2.59,5497.87,
11/24/2023,"DEBIT CARD PURCHASE VIRGINIA RAILWAY EXPRE 800-7433873 VA1121232401339A5029SY (Cash)",,"No Description",Cash,0,,0.000,USD,,0,,,,-40,5500.46,
11/24/2023,"TRANSFERRED TO VS Z23-693697-1 (Cash)", ,"No Description",Cash,0,,0.000,USD,,0,,,,-57,5540.46,
11/24/2023,"TRANSFERRED TO VS Z23-693697-1 (Cash)", ,"No Description",Cash,0,,0.000,USD,,0,,,,-399,5597.46,
11/22/2023,"REINVESTMENT HIGHPEAK ENERGY INC COM (HPK) (Cash)",HPK,"HIGHPEAK ENERGY INC COM",Cash,0,,0.006,USD,16.29,0,,,,-0.09,5996.46,
11/22/2023,"DIVIDEND RECEIVED HIGHPEAK ENERGY INC COM (HPK) (Cash)",HPK,"HIGHPEAK ENERGY INC COM",Cash,0,,0.000,USD,,0,,,,0.09,5996.55,
11/22/2023,"REINVESTMENT CITIGROUP INC (C) (Cash)",C,"CITIGROUP INC",Cash,0,,0.007,USD,45.52,0,,,,-0.32,5996.46,
11/22/2023,"DIVIDEND RECEIVED CITIGROUP INC (C) (Cash)",C,"CITIGROUP INC",Cash,0,,0.000,USD,,0,,,,0.32,5996.78,
11/22/2023,"REINVESTMENT as of Nov-20-2023 AMERICA MOVIL SAB DE CV SPON ADS EAC... (AMX) (Cash)",AMX,"AMERICA MOVIL SAB DE CV SPON ADS EACH R",Cash,0,,0.044,USD,17.72,0,,,,-0.78,5996.46,
11/22/2023,"DIVIDEND RECEIVED as of Nov-20-2023 AMERICA MOVIL SAB DE CV SPON ADS EAC... (AMX) (Cash)",AMX,"AMERICA MOVIL SAB DE CV SPON ADS EACH R",Cash,0,,0.000,USD,,0,,,,0.78,5997.24,
11/22/2023,"TRANSFERRED TO VS Z09-658794-1 (Cash)", ,"No Description",Cash,0,,0.000,USD,,0,,,,-8.95,5996.46,
11/22/2023,"DEBIT CARD PURCHASE POSM025 Union Station Washington DC1121232425131A5F6JVD (Cash)",,"No Description",Cash,0,,0.000,USD,,0,,,,-10,6005.41,
11/22/2023,"DIRECT DEPOSIT COM2 TREAS 3 FED SAL (Cash)", ,"No Description",Cash,0,,0.000,USD,,0,,,,4040.55,6015.41,
11/21/2023,"YOU SOLD TRANSPORTADORA DE GAS DEL SUR S.A SP... (TGS) (Cash)",TGS,"TRANSPORTADORA DE GAS DEL SUR S.A SPONS",Cash,0,,-1,USD,13.14,0,,,,13.14,1974.86,11/24/2023
11/21/2023,"YOU BOUGHT PROSPECTUS UNDER SEPARATE COVER FIDELITY CAPITAL & INCOME (FAGIX) (Cash)",FAGIX,"FIDELITY CAPITAL & INCOME",Cash,0,,0.857,USD,9.33,0,,,,-8,1961.72,11/22/2023
11/21/2023,"YOU BOUGHT AMERICA MOVIL SAB DE CV SPON ADS EAC... (AMX) (Cash)",AMX,"AMERICA MOVIL SAB DE CV SPON ADS EACH R",Cash,0,,0.337,USD,17.79,0,,,,-6,1969.72,11/24/2023
11/21/2023,"TRANSFERRED TO VS Z23-693697-1 (Cash)", ,"No Description",Cash,0,,0.000,USD,,0,,,,-100,1975.72,
11/20/2023,"REINVESTMENT CARRIER GLOBAL CORPORATION COM (CARR) (Cash)",CARR,"CARRIER GLOBAL CORPORATION COM",Cash,0,,0.009,USD,52.47,0,,,,-0.47,2075.72,
11/20/2023,"DIVIDEND RECEIVED CARRIER GLOBAL CORPORATION COM (CARR) (Cash)",CARR,"CARRIER GLOBAL CORPORATION COM",Cash,0,,0.000,USD,,0,,,,0.47,2076.19,
11/20/2023,"DEBIT CARD PURCHASE GREENLIGHT 404-953-5925 GA1117232449215A1MNGKM (Cash)",,"No Description",Cash,0,,0.000,USD,,0,,,,-10,2075.72,
11/20/2023,"DEBIT CARD PURCHASE HOSTING MATTERS 904-289-9999 FL1117232444500A15SQAR (Cash)",,"No Description",Cash,0,,0.000,USD,,0,,,,-15,2085.72,
11/20/2023,"DEBIT CARD PURCHASE WWW.TIME4LEARNING.COM 954-7710914 FL1118232490641A25EGS0 (Cash)",,"No Description",Cash,0,,0.000,USD,,0,,,,-24.95,2100.72,
11/20/2023,"DEBIT CARD PURCHASE PAYPAL *Roetto Michael Visa Direct CA1117232424818A1003JZ (Cash)",,"No Description",Cash,0,,0.000,USD,,0,,,,-30,2125.67,
11/20/2023,"DEBIT CARD PURCHASE AMZN Mktp US*MX4XY4133 Amzn.com/bill WA1118232469216A234L41 (Cash)",,"No Description",Cash,0,,0.000,USD,,0,,,,-34.33,2155.67,
11/20/2023,"DEBIT CARD PURCHASE POS3018 CVS/PHARMACY # MANASSAS VA1116232425131A1F6JVB (Cash)",,"No Description",Cash,0,,0.000,USD,,0,,,,-36.35,2190.00,
11/20/2023,"DEBIT CARD PURCHASE DOMINO'S 4380 703-734-7080 VA1117232444500A200TAE (Cash)",,"No Description",Cash,0,,0.000,USD,,0,,,,-45.07,2226.35,
11/20/2023,"DEBIT CARD PURCHASE PAYPAL *Roetto Michael Visa Direct CA1118232424818A200477 (Cash)",,"No Description",Cash,0,,0.000,USD,,0,,,,-75,2271.42,
11/20/2023,"BILL PAYMENT PWC SERVICE AUTHORITY (Cash)", ,"No Description",Cash,0,,0.000,USD,,0,,,,-112.85,2346.42,
11/20/2023,"TRANSFERRED TO VS Z23-693697-1 (Cash)", ,"No Description",Cash,0,,0.000,USD,,0,,,,-150,2459.27,
11/20/2023,"TRANSFERRED TO VS Z23-693697-1 (Cash)", ,"No Description",Cash,0,,0.000,USD,,0,,,,-247,2609.27,
11/17/2023,"YOU BOUGHT TRANSPORTADORA DE GAS DEL SUR S.A SP... (TGS) (Cash)",TGS,"TRANSPORTADORA DE GAS DEL SUR S.A SPONS",Cash,0,,2,USD,10.43,0,,,,-20.86,2856.27,11/21/2023
11/17/2023,"YOU SOLD PETROLEO BRASILEIRO SA PETROBRAS SPO... (PBR) (Cash)",PBR,"PETROLEO BRASILEIRO SA PETROBRAS SPON A",Cash,0,,-0.374,USD,16.01,0,,,,5.99,2877.13,11/21/2023
11/17/2023,"YOU BOUGHT TXNM ENERGY INC COM (TXNM) (Cash)",TXNM,"TXNM ENERGY INC COM",Cash,0,,0.16,USD,43.5,0,,,,-6.96,2871.14,11/21/2023
11/17/2023,"YOU SOLD OTIS WORLDWIDE CORP COM (OTIS) (Cash)",OTIS,"OTIS WORLDWIDE CORP COM",Cash,0,,-0.163,USD,84.25,0,,,,13.73,2878.10,11/21/2023
11/17/2023,"YOU BOUGHT J P MORGAN EXCHANGE TRADED FD INTL B... (JPIB) (Cash)",JPIB,"J P MORGAN EXCHANGE TRADED FD INTL BD O",Cash,0,,0.275,USD,46.11,0,,,,-12.68,2864.37,11/21/2023
11/17/2023,"YOU SOLD INTERPARFUMS, INC. COMMON STOCK (IPAR) (Cash)",IPAR,"INTERPARFUMS, INC. COMMON STOCK",Cash,0,,-0.093,USD,128.23,0,,,,11.93,2877.05,11/21/2023
11/17/2023,"YOU SOLD GILEAD SCIENCES INC COM USD0.001 (GILD) (Cash)",GILD,"GILEAD SCIENCES INC COM USD0.001",Cash,0,,-0.147,USD,74.66,0,,,,10.98,2865.12,11/21/2023
11/17/2023,"YOU BOUGHT BRT APARTMENTS CORP COM (BRT) (Cash)",BRT,"BRT APARTMENTS CORP COM",Cash,0,,0.639,USD,17.2,0,,,,-10.99,2854.14,11/21/2023
11/17/2023,"YOU SOLD ABRDN SILVER ETF TR ABRDN PHYSICAL S... (SIVR) (Cash)",SIVR,"ABRDN SILVER ETF TR ABRDN PHYSICAL SILV",Cash,0,,-0.219,USD,22.75,0,,,,4.98,2865.13,11/21/2023
11/17/2023,"YOU SOLD LYONDELLBASELL INDUSTRIES N V COM EU... (LYB) (Cash)",LYB,"LYONDELLBASELL INDUSTRIES N V COM EUR0.",Cash,0,,-0.062,USD,96.45,0,,,,5.98,2860.15,11/21/2023
11/17/2023,"TRANSFERRED TO VS Z23-693697-1 (Cash)", ,"No Description",Cash,0,,0.000,USD,,0,,,,-140,2854.17,
11/16/2023,"DEBIT CARD PURCHASE Amazon.com*U17V27DM3 Amzn.com/bill WA11142324692169Y319LH (Cash)",,"No Description",Cash,0,,0.000,USD,,0,,,,-14.22,2994.17,
11/15/2023,"DEBIT CARD PURCHASE 7-ELEVEN 10654 MANASSAS VA11132324034549X01BTJ (Cash)",,"No Description",Cash,0,,0.000,USD,,0,,,,-14.44,3008.39,
11/15/2023,"DEBIT CARD PURCHASE Amazon.com*7I5NE6W03 Amzn.com/bill WA11132324692169X30W9B (Cash)",,"No Description",Cash,0,,0.000,USD,,0,,,,-26.12,3022.83,
11/15/2023,"DEBIT CARD PURCHASE POS9887 7-ELEVEN 37230 MANASSAS VA11132324251319YF6JVB (Cash)",,"No Description",Cash,0,,0.000,USD,,0,,,,-35.6,3048.95,
11/15/2023,"BILL PAYMENT WELLS FARGO AUTO (Cash)", ,"No Description",Cash,0,,0.000,USD,,0,,,,-922.18,3084.55,
11/14/2023,"YOU BOUGHT TRANSPORTADORA DE GAS DEL SUR S.A SP... (TGS) (Cash)",TGS,"TRANSPORTADORA DE GAS DEL SUR S.A SPONS",Cash,0,,1,USD,10.41,0,,,,-10.41,4006.73,11/16/2023
11/14/2023,"YOU BOUGHT PROLOGIS INC. COM (PLD) (Cash)",PLD,"PROLOGIS INC. COM",Cash,0,,0.073,USD,109.16,0,,,,-7.97,4017.14,11/16/2023
11/14/2023,"YOU SOLD INTERPARFUMS, INC. COMMON STOCK (IPAR) (Cash)",IPAR,"INTERPARFUMS, INC. COMMON STOCK",Cash,0,,-0.085,USD,131.08,0,,,,11.14,4025.11,11/16/2023
11/14/2023,"DEBIT CARD PURCHASE Amazon.com*3Z91U1K23 Amzn.com/bill WA11132324692169X30D5Y (Cash)",,"No Description",Cash,0,,0.000,USD,,0,,,,-6.73,4013.97,
11/14/2023,"DEBIT CARD PURCHASE POSM6KE 7-ELEVEN MANASSAS VA11102324251319XF6JVA (Cash)",,"No Description",Cash,0,,0.000,USD,,0,,,,-10.89,4020.70,
11/14/2023,"DEBIT CARD PURCHASE Amazon.com*FG0T702C3 Amzn.com/bill WA11132324692169X30D6K (Cash)",,"No Description",Cash,0,,0.000,USD,,0,,,,-13.7,4031.59,
11/14/2023,"DEBIT CARD PURCHASE POS2 NETFLIX CO LOS GATOS CA11122324251319XF6JVA (Cash)",,"No Description",Cash,0,,0.000,USD,,0,,,,-15.49,4045.29,
11/14/2023,"DEBIT CARD PURCHASE Amazon.com*D29CE62H3 Amzn.com/bill WA11132324692169X30D6K (Cash)",,"No Description",Cash,0,,0.000,USD,,0,,,,-17.07,4060.78,
11/14/2023,"DEBIT CARD PURCHASE POS0308 PAYPAL *PYPL P San Jose CA11112324251319XF6JVA (Cash)",,"No Description",Cash,0,,0.000,USD,,0,,,,-30.89,4077.85,
11/14/2023,"TRANSFERRED TO VS Z23-693697-1 (Cash)", ,"No Description",Cash,0,,0.000,USD,,0,,,,-500,4108.74,
11/13/2023,"DEBIT CARD PURCHASE GREENLIGHT 404-953-5925 GA11112324492159VMLNTS (Cash)",,"No Description",Cash,0,,0.000,USD,,0,,,,-4.99,4608.74,
11/13/2023,"DEBIT CARD PURCHASE PLEXINCPASS MONTHLY PLEX.TV CA11112324492159VMNFR2 (Cash)",,"No Description",Cash,0,,0.000,USD,,0,,,,-4.99,4613.73,
11/13/2023,"DEBIT CARD PURCHASE 7-ELEVEN 27267 CENTREVILLE VA11082324034549T00X0Z (Cash)",,"No Description",Cash,0,,0.000,USD,,0,,,,-10.07,4618.72,
11/13/2023,"DEBIT CARD PURCHASE Amazon.com*8H8JI1LF3 Amzn.com/bill WA11122324692169W2ZMXZ (Cash)",,"No Description",Cash,0,,0.000,USD,,0,,,,-17.72,4628.79,
11/13/2023,"DEBIT CARD PURCHASE GREENLIGHT 404-953-5925 GA11102324492159SMLG2X (Cash)",,"No Description",Cash,0,,0.000,USD,,0,,,,-20,4646.51,
11/13/2023,"DEBIT CARD PURCHASE Amazon.com*3I7WW2PB3 Amzn.com/bill WA11122324692169W2ZN9F (Cash)",,"No Description",Cash,0,,0.000,USD,,0,,,,-37.44,4666.51,
11/13/2023,"DEBIT CARD PURCHASE PIZZA HUT 037448 https://ipcha VA11102324943009V2M3AR (Cash)",,"No Description",Cash,0,,0.000,USD,,0,,,,-56.18,4703.95,
11/10/2023,"REINVESTMENT TXNM ENERGY INC COM (TXNM) (Cash)",TXNM,"TXNM ENERGY INC COM",Cash,0,,0.018,USD,42.2,0,,,,-0.75,4760.13,
11/10/2023,"DIVIDEND RECEIVED TXNM ENERGY INC COM (TXNM) (Cash)",TXNM,"TXNM ENERGY INC COM",Cash,0,,0.000,USD,,0,,,,0.75,4760.88,
11/10/2023,"FOREIGN TAX PAID ASML HOLDING NV EUR0.09 NY REGISTRY ... (ASML) (Cash)",ASML,"ASML HOLDING NV EUR0.09 NY REGISTRY SHS",Cash,0,,0.000,USD,,0,,,,-0.02,4760.13,
11/10/2023,"DIVIDEND RECEIVED ASML HOLDING NV EUR0.09 NY REGISTRY ... (ASML) (Cash)",ASML,"ASML HOLDING NV EUR0.09 NY REGISTRY SHS",Cash,0,,0.000,USD,,0,,,,0.15,4760.15,
11/10/2023,"DEBIT CARD PURCHASE MARKET@WORK 2067379149 RENTON WA11072324431059R2LSZP (Cash)",,"No Description",Cash,0,,0.000,USD,,0,,,,-2.47,4760.00,
11/10/2023,"TRANSFERRED TO VS Z23-693697-1 (Cash)", ,"No Description",Cash,0,,0.000,USD,,0,,,,-120,4762.47,
11/10/2023,"DEBIT CARD PURCHASE PAYPAL *PYPL PAYIN4 888-221-1161 CA11082324116419R1Z7QW (Cash)",,"No Description",Cash,0,,0.000,USD,,0,,,,-172.25,4882.47,
11/10/2023,"BILL PAYMENT SELECT PORTFOLIO SERVIC (Cash)", ,"No Description",Cash,0,,0.000,USD,,0,,,,-1480,5054.72,
11/09/2023,"DEBIT CARD PURCHASE VIRGINIA RAILWAY EXPRE 800-7433873 VA11072324013399P00RWH (Cash)",,"No Description",Cash,0,,0.000,USD,,0,,,,-20,6534.72,
11/09/2023,"BILL PAYMENT NOVEC (Cash)", ,"No Description",Cash,0,,0.000,USD,,0,,,,-121.31,6554.72,
11/09/2023,"BILL PAYMENT NOVEC (Cash)", ,"No Description",Cash,0,,0.000,USD,,0,,,,-320.66,6676.03,
11/08/2023,"DEBIT CARD PURCHASE MCDONALD'S F18095 MANASSAS VA11062324427339NLYRA9 (Cash)",,"No Description",Cash,0,,0.000,USD,,0,,,,-18.66,6996.69,
11/08/2023,"DIRECT DEPOSIT COM2 TREAS 3 FED SAL (Cash)", ,"No Description",Cash,0,,0.000,USD,,0,,,,4063.2,7015.35,
11/07/2023,"REINVESTMENT VANECK ETF TR VANECK LONG MUNI ETF (MLN) (Cash)",MLN,"VANECK ETF TR VANECK LONG MUNI ETF",Cash,0,,0.051,USD,16.71,0,,,,-0.86,2952.15,
11/07/2023,"REINVESTMENT VANECK ETF TR FALLEN ANGEL HIGH YLD ... (ANGL) (Cash)",ANGL,"VANECK ETF TR FALLEN ANGEL HIGH YLD BD ",Cash,0,,0.036,USD,27.36,0,,,,-0.99,2953.01,
11/07/2023,"DIVIDEND RECEIVED VANECK ETF TR FALLEN ANGEL HIGH YLD ... (ANGL) (Cash)",ANGL,"VANECK ETF TR FALLEN ANGEL HIGH YLD BD ",Cash,0,,0.000,USD,,0,,,,0.99,2954.00,
11/07/2023,"REINVESTMENT ISHARES TR JP MOR EM MK ETF (EMB) (Cash)",EMB,"ISHARES TR JP MOR EM MK ETF",Cash,0,,0.001,USD,83.72,0,,,,-0.09,2953.01,
11/07/2023,"DIVIDEND RECEIVED ISHARES TR JP MOR EM MK ETF (EMB) (Cash)",EMB,"ISHARES TR JP MOR EM MK ETF",Cash,0,,0.000,USD,,0,,,,0.09,2953.10,
11/07/2023,"REINVESTMENT FLEXSHARES CREDIT-SCORED US LONG COR... (LKOR) (Cash)",LKOR,"FLEXSHARES CREDIT-SCORED US LONG CORP B",Cash,0,,0.023,USD,40.01,0,,,,-0.94,2953.01,
11/07/2023,"DIVIDEND RECEIVED FLEXSHARES CREDIT-SCORED US LONG COR... (LKOR) (Cash)",LKOR,"FLEXSHARES CREDIT-SCORED US LONG CORP B",Cash,0,,0.000,USD,,0,,,,0.94,2953.95,
11/07/2023,"DIVIDEND RECEIVED VANECK ETF TR VANECK LONG MUNI ETF (MLN) (Cash)",MLN,"VANECK ETF TR VANECK LONG MUNI ETF",Cash,0,,0.000,USD,,0,,,,0.86,2953.01,
11/07/2023,"DEBIT CARD PURCHASE POSMTMA 7-ELEVEN MANASSAS PAR VA11042324251319NF6JV8 (Cash)",,"No Description",Cash,0,,0.000,USD,,0,,,,-13.65,2952.15,
11/07/2023,"TRANSFERRED TO VS Z23-693697-1 (Cash)", ,"No Description",Cash,0,,0.000,USD,,0,,,,-300,2965.80,
11/06/2023,"REINVESTMENT VANGUARD SCOTTSDALE FDS VANGUARD SHO... (VCSH) (Cash)",VCSH,"VANGUARD SCOTTSDALE FDS VANGUARD SHORT-",Cash,0,,0.004,USD,75.39,0,,,,-0.32,3265.80,
11/06/2023,"DIVIDEND RECEIVED VANGUARD SCOTTSDALE FDS VANGUARD SHO... (VCSH) (Cash)",VCSH,"VANGUARD SCOTTSDALE FDS VANGUARD SHORT-",Cash,0,,0.000,USD,,0,,,,0.32,3266.12,
11/06/2023,"REINVESTMENT J P MORGAN EXCHANGE TRADED FD INTL B... (JPIB) (Cash)",JPIB,"J P MORGAN EXCHANGE TRADED FD INTL BD O",Cash,0,,0.01,USD,45.74,0,,,,-0.45,3265.80,
11/06/2023,"DIVIDEND RECEIVED J P MORGAN EXCHANGE TRADED FD INTL B... (JPIB) (Cash)",JPIB,"J P MORGAN EXCHANGE TRADED FD INTL BD O",Cash,0,,0.000,USD,,0,,,,0.45,3266.25,
11/06/2023,"DEBIT CARD PURCHASE Amazon web services aws.amazon.co WA11022324692169J31RT6 (Cash)",,"No Description",Cash,0,,0.000,USD,,0,,,,-27.18,3265.80,
11/06/2023,"TRANSFERRED TO VS Z23-693697-1 (Cash)", ,"No Description",Cash,0,,0.000,USD,,0,,,,-45,3292.98,
11/06/2023,"DEBIT CARD PURCHASE PAYPAL *Roetto Michael Visa Direct CA11022324248189J003L2 (Cash)",,"No Description",Cash,0,,0.000,USD,,0,,,,-434.23,3337.98,
11/03/2023,"TRANSFERRED TO VS Z23-693697-1 (Cash)", ,"No Description",Cash,0,,0.000,USD,,0,,,,-100,3772.21,
11/03/2023,"DEBIT CARD PURCHASE PAYPAL *Roetto Michael Visa Direct CA11012324248189H005ZS (Cash)",,"No Description",Cash,0,,0.000,USD,,0,,,,-100,3872.21,
11/03/2023,"BILL PAYMENT VERIZON WIRELESS (Cash)", ,"No Description",Cash,0,,0.000,USD,,0,,,,-147.55,3972.21,
11/02/2023,"TRANSFERRED TO VS Z23-693697-1 (Cash)", ,"No Description",Cash,0,,0.000,USD,,0,,,,-40,4119.76,
11/01/2023,"DIVIDEND RECEIVED NATIONAL HEALTHCARE CORP (NHC) (Cash)",NHC,"NATIONAL HEALTHCARE CORP",Cash,0,,0.000,USD,,0,,,,0.72,4159.76,
11/01/2023,"MERGER MER FROM G16962105#REOR M0051542700001 BUNGE GLOBAL SA COM USD0.01 (BG) (Cash)",BG,"BUNGE GLOBAL SA COM USD0.01",Shares,0,,0.459,USD,,0,,,,48.68,4159.04,
11/01/2023,"MERGER MER PAYOUT #REOR M0051542700000 BUNGE LIMITED COM STK USD0.01 *EXCHA... (G16962105) (Cash)",G16962105,"BUNGE LIMITED COM STK USD0.01 *EXCHANGE",Shares,0,,-0.459,USD,,0,,,,-48.64,4159.04,
11/01/2023,"TRANSFERRED TO VS Z23-693697-1 (Cash)", ,"No Description",Cash,0,,0.000,USD,,0,,,,-20,4159.04,
11/01/2023,"TRANSFERRED TO VS Z23-693697-1 (Cash)", ,"No Description",Cash,0,,0.000,USD,,0,,,,-91.16,4179.04,
11/01/2023,"DIRECT DEBIT STATE FARM RO SFPP (Cash)", ,"No Description",Cash,0,,0.000,USD,,0,,,,-229.05,4270.20,
10/31/2023,"REINVESTMENT FIRST TR EXCHANGE TRADED FD III FIRS... (FPE) (Cash)",FPE,"FIRST TR EXCHANGE TRADED FD III FIRST T",Cash,0,,0.033,USD,15.5,0,,,,-0.51,4499.25,
10/31/2023,"DIVIDEND RECEIVED FIRST TR EXCHANGE TRADED FD III FIRS... (FPE) (Cash)",FPE,"FIRST TR EXCHANGE TRADED FD III FIRST T",Cash,0,,0.000,USD,,0,,,,0.51,4499.76,
10/31/2023,"REINVESTMENT FID L/T TREASURY BOND INDEX FUND (FNBGX) (Cash)",FNBGX,"FID L/T TREASURY BOND INDEX FUND",Cash,0,,0.079,USD,8.63,0,,,,-0.68,4499.25,
10/31/2023,"DIVIDEND RECEIVED FID L/T TREASURY BOND INDEX FUND (FNBGX) (Cash)",FNBGX,"FID L/T TREASURY BOND INDEX FUND",Cash,0,,0.000,USD,,0,,,,0.68,4499.93,
10/31/2023,"DIVIDEND RECEIVED FIDELITY GOVERNMENT MONEY MARKET (SPAXX) (Cash)",SPAXX,"FIDELITY GOVERNMENT MONEY MARKET",Cash,0,,0.000,USD,,0,,,,13.9,4499.25,
10/31/2023,"REINVESTMENT FIDELITY CAPITAL & INCOME (FAGIX) (Cash)",FAGIX,"FIDELITY CAPITAL & INCOME",Cash,0,,0.017,USD,9.04,0,,,,-0.15,4485.35,
10/31/2023,"DIVIDEND RECEIVED FIDELITY CAPITAL & INCOME (FAGIX) (Cash)",FAGIX,"FIDELITY CAPITAL & INCOME",Cash,0,,0.000,USD,,0,,,,0.15,4485.50,
10/31/2023,"DEBIT CARD PURCHASE SHEETZ 0198 00001982 WOODSTOCK VA10282324164079EEFTJ3 (Cash)",,"No Description",Cash,0,,0.000,USD,,0,,,,-7.83,4485.35,
10/31/2023,"DEBIT CARD PURCHASE SHEETZ 0198 00001982 WOODSTOCK VA10282324164079EEFTJ3 (Cash)",,"No Description",Cash,0,,0.000,USD,,0,,,,-15.46,4493.18,
10/31/2023,"TRANSFERRED TO VS Z23-693697-1 (Cash)", ,"No Description",Cash,0,,0.000,USD,,0,,,,-60,4508.64,
10/31/2023,"DEBIT CARD PURCHASE TST* ROWES FAMILY RES Staunton VA10292324692169E2YXXK (Cash)",,"No Description",Cash,0,,0.000,USD,,0,,,,-73.51,4568.64,
10/30/2023,"DEBIT CARD PURCHASE PAYPAL *PYPL PAYIN4 888-221-1161 CA10272324116419Q1YTSM (Cash)",,"No Description",Cash,0,,0.000,USD,,0,,,,-30.89,4642.15,
10/30/2023,"TRANSFERRED TO VS Z23-693697-1 (Cash)", ,"No Description",Cash,0,,0.000,USD,,0,,,,-60,4673.04,
10/30/2023,"DEBIT CARD PURCHASE DOMINO'S 4380 703-734-7080 VA10272324445009DEJ1J1 (Cash)",,"No Description",Cash,0,,0.000,USD,,0,,,,-70.85,4733.04,
10/30/2023,"TRANSFERRED TO VS Z23-693697-1 (Cash)", ,"No Description",Cash,0,,0.000,USD,,0,,,,-85,4803.89,
10/27/2023,"BILL PAYMENT CAPITAL ONE AUTO FINANC (Cash)", ,"No Description",Cash,0,,0.000,USD,,0,,,,-700,4888.89,
10/26/2023,"DEBIT CARD PURCHASE POSMOFP 7-ELEVEN MANASSAS PAR VA10242324251319AF6JW3 (Cash)",,"No Description",Cash,0,,0.000,USD,,0,,,,-1.78,5588.89,
10/26/2023,"DEBIT CARD PURCHASE VIRGINIA RAILWAY EXPRE 800-7433873 VA10242324013399902KJL (Cash)",,"No Description",Cash,0,,0.000,USD,,0,,,,-20,5590.67,
10/26/2023,"DEBIT CARD PURCHASE POSMOFP 7-ELEVEN Manassas Par VA10242324251319AF6JW3 (Cash)",,"No Description",Cash,0,,0.000,USD,,0,,,,-45.49,5610.67,
10/26/2023,"TRANSFERRED TO VS Z23-693697-1 (Cash)", ,"No Description",Cash,0,,0.000,USD,,0,,,,-150,5656.16,
10/26/2023,"DIRECT DEPOSIT COM2 TREAS 3 FED SAL (Cash)", ,"No Description",Cash,0,,0.000,USD,,0,,,,4063.21,5806.16,
10/25/2023,"DEBIT CARD PURCHASE Amazon.com*YL2J84RY3 Amzn.com/bill WA1023232469216982X609 (Cash)",,"No Description",Cash,0,,0.000,USD,,0,,,,-24.05,1742.95,
10/24/2023,"REINVESTMENT INGREDION INC COM USD0.01 (INGR) (Cash)",INGR,"INGREDION INC COM USD0.01",Cash,0,,0.003,USD,91.07,0,,,,-0.31,1767.00,
10/24/2023,"DIVIDEND RECEIVED INGREDION INC COM USD0.01 (INGR) (Cash)",INGR,"INGREDION INC COM USD0.01",Cash,0,,0.000,USD,,0,,,,0.31,1767.31,
10/24/2023,"DEBIT CARD PURCHASE AMZN Mktp US*QP2PL9MH3 Amzn.com/bill WA10222324692169735BX5 (Cash)",,"No Description",Cash,0,,0.000,USD,,0,,,,-17.59,1767.00,
10/23/2023,"REINVESTMENT QUEST DIAGNOSTICS INC COM USD0.01 (DGX) (Cash)",DGX,"QUEST DIAGNOSTICS INC COM USD0.01",Cash,0,,0.002,USD,122.86,0,,,,-0.29,1784.59,
10/23/2023,"DIVIDEND RECEIVED QUEST DIAGNOSTICS INC COM USD0.01 (DGX) (Cash)",DGX,"QUEST DIAGNOSTICS INC COM USD0.01",Cash,0,,0.000,USD,,0,,,,0.29,1784.88,
10/23/2023,"TRANSFERRED TO VS Z23-693697-1 (Cash)", ,"No Description",Cash,0,,0.000,USD,,0,,,,-58,1784.59,
10/23/2023,"DEBIT CARD PURCHASE PIZZA BOLI'S 703-335-2000 VA1020232476501965SP0L (Cash)",,"No Description",Cash,0,,0.000,USD,,0,,,,-84.16,1842.59,
10/23/2023,"BILL PAYMENT PWC SERVICE AUTHORITY (Cash)", ,"No Description",Cash,0,,0.000,USD,,0,,,,-112.85,1926.75,
10/20/2023,"DEBIT CARD PURCHASE Amazon.com*TP4CU95P1 Amzn.com/bill WA10182324692169332EFD (Cash)",,"No Description",Cash,0,,0.000,USD,,0,,,,-14.22,2039.60,
10/20/2023,"DEBIT CARD PURCHASE GREENLIGHT 404-953-5925 GA101923244921594MNF03 (Cash)",,"No Description",Cash,0,,0.000,USD,,0,,,,-20,2053.82,
10/20/2023,"DEBIT CARD PURCHASE WWW.TIME4LEARNING.COM 954-7710914 FL1018232490641935QEP3 (Cash)",,"No Description",Cash,0,,0.000,USD,,0,,,,-24.95,2073.82,
10/20/2023,"TRANSFERRED TO VS Z23-693697-1 (Cash)", ,"No Description",Cash,0,,0.000,USD,,0,,,,-730,2098.77,
10/19/2023,"DEBIT CARD PURCHASE MARKET@WORK 2067379149 RENTON WA1016232443105922LSZP (Cash)",,"No Description",Cash,0,,0.000,USD,,0,,,,-5.96,2828.77,
10/19/2023,"TRANSFERRED TO VS Z23-693697-1 (Cash)", ,"No Description",Cash,0,,0.000,USD,,0,,,,-12,2834.73,
10/19/2023,"DEBIT CARD PURCHASE Amazon.com*TP2U82P41 Amzn.com/bill WA10172324692169231MBZ (Cash)",,"No Description",Cash,0,,0.000,USD,,0,,,,-13.12,2846.73,
10/19/2023,"DEBIT CARD PURCHASE Amazon.com*TD9WD3OE0 Amzn.com/bill WA10172324692169231GR0 (Cash)",,"No Description",Cash,0,,0.000,USD,,0,,,,-37.44,2859.85,
10/18/2023,"DEBIT CARD PURCHASE Amazon.com*TP39D6IH0 Amzn.com/bill WA10162324692169130YZW (Cash)",,"No Description",Cash,0,,0.000,USD,,0,,,,-6.19,2897.29,
10/18/2023,"DEBIT CARD PURCHASE POSM6KE 7-ELEVEN MANASSAS VA101723242513192F6JW1 (Cash)",,"No Description",Cash,0,,0.000,USD,,0,,,,-8.16,2903.48,
10/18/2023,"DEBIT CARD PURCHASE VIRGINIA RAILWAY EXPRE 800-7433873 VA10162324013399101R5Z (Cash)",,"No Description",Cash,0,,0.000,USD,,0,,,,-20,2911.64,
10/18/2023,"DEBIT CARD PURCHASE PAYPAL *Roetto Michael Visa Direct CA1017232424818920004Z (Cash)",,"No Description",Cash,0,,0.000,USD,,0,,,,-23,2931.64,
10/18/2023,"TRANSFERRED TO VS Z23-693697-1 (Cash)", ,"No Description",Cash,0,,0.000,USD,,0,,,,-30,2954.64,
10/18/2023,"DEBIT CARD PURCHASE PAYPAL *DOMINO'S 4380 402-935-7733 VA101423244921591RSBWJ (Cash)",,"No Description",Cash,0,,0.000,USD,,0,,,,-59.72,2984.64,
10/18/2023,"DEBIT CARD RETURN AMZN Mktp US Amzn.com/bill WA10172374692169231Q31 (Cash)",,"No Description",Cash,0,,0.000,USD,,0,,,,20.14,3044.36,
10/17/2023,"DEBIT CARD PURCHASE POS4577 ALDI 80072 MANASSAS VA101523242513191F6JW0 (Cash)",,"No Description",Cash,0,,0.000,USD,,0,,,,-14.99,3024.22,
10/17/2023,"DEBIT CARD PURCHASE SPIRIT HALLOWEEN 60933 609-798-0949 VA10152324692169130HG8 (Cash)",,"No Description",Cash,0,,0.000,USD,,0,,,,-58.28,3039.21,
10/16/2023,"DEBIT CARD PURCHASE POSM6KE 7-ELEVEN MANASSAS VA10122324251318YF6JVZ (Cash)",,"No Description",Cash,0,,0.000,USD,,0,,,,-7.05,3097.49,
10/16/2023,"DEBIT CARD PURCHASE Amazon.com*TE5HR5Q51 Amzn.com/bill WA10132324692168Y2Y8SJ (Cash)",,"No Description",Cash,0,,0.000,USD,,0,,,,-21.19,3104.54,
10/16/2023,"DEBIT CARD PURCHASE AMZN Mktp US*TP1JQ1VR0 Amzn.com/bill WA10142324692168Z2Z63H (Cash)",,"No Description",Cash,0,,0.000,USD,,0,,,,-121.78,3125.73,
10/16/2023,"TRANSFERRED TO VS Z23-693697-1 (Cash)", ,"No Description",Cash,0,,0.000,USD,,0,,,,-250,3247.51,
10/16/2023,"BILL PAYMENT WELLS FARGO AUTO (Cash)", ,"No Description",Cash,0,,0.000,USD,,0,,,,-922.18,3497.51,
10/13/2023,"DEBIT CARD PURCHASE PLEXINCPASS MONTHLY PLEX.TV CA10122324492158XLY39R (Cash)",,"No Description",Cash,0,,0.000,USD,,0,,,,-4.99,4419.69,
10/13/2023,"DEBIT CARD PURCHASE POSM6KE 7-ELEVEN MANASSAS VA10112324251318XF6JVZ (Cash)",,"No Description",Cash,0,,0.000,USD,,0,,,,-15.13,4424.68,
10/13/2023,"DEBIT CARD PURCHASE POS2 NETFLIX CO LOS GATOS CA10122324251318XF6JVZ (Cash)",,"No Description",Cash,0,,0.000,USD,,0,,,,-15.49,4439.81,
10/13/2023,"TRANSFERRED TO VS Z23-693697-1 (Cash)", ,"No Description",Cash,0,,0.000,USD,,0,,,,-85,4455.30,
10/13/2023,"BILL PAYMENT SELECT PORTFOLIO SERVIC (Cash)", ,"No Description",Cash,0,,0.000,USD,,0,,,,-1470,4540.30,
10/13/2023,"DIRECT DEPOSIT eBay ComWEMDPAYMENTS (Cash)", ,"No Description",Cash,0,,0.000,USD,,0,,,,65.62,6010.30,
10/12/2023,"REINVESTMENT MEDICAL PROPERTIES TRUST INC (MPW) (Cash)",MPW,"MEDICAL PROPERTIES TRUST INC",Cash,0,,0.124,USD,5.32,0,,,,-0.66,5944.68,
10/12/2023,"DIVIDEND RECEIVED MEDICAL PROPERTIES TRUST INC (MPW) (Cash)",MPW,"MEDICAL PROPERTIES TRUST INC",Cash,0,,0.000,USD,,0,,,,0.66,5945.34,
10/12/2023,"YOU BOUGHT AMERICA MOVIL SAB DE CV SPON ADS EAC... (AMX) (Cash)",AMX,"AMERICA MOVIL SAB DE CV SPON ADS EACH R",Cash,0,,0.416,USD,16.8,0,,,,-6.99,5944.68,10/16/2023
10/12/2023,"DEBIT CARD PURCHASE PAYPAL *Roetto Michael Visa Direct CA10112324248188W0018X (Cash)",,"No Description",Cash,0,,0.000,USD,,0,,,,-11,5951.67,
10/12/2023,"DIRECT DEPOSIT COM2 TREAS 3 FED SAL (Cash)", ,"No Description",Cash,0,,0.000,USD,,0,,,,4110.85,5962.67,
10/11/2023,"REINVESTMENT BRT APARTMENTS CORP COM (BRT) (Cash)",BRT,"BRT APARTMENTS CORP COM",Cash,0,,0.101,USD,17.23,0,,,,-1.74,1851.82,
10/11/2023,"DIVIDEND RECEIVED BRT APARTMENTS CORP COM (BRT) (Cash)",BRT,"BRT APARTMENTS CORP COM",Cash,0,,0.000,USD,,0,,,,1.74,1853.56,
10/11/2023,"DEBIT CARD PURCHASE POSMI9B 7-ELEVEN MANASSAS VA10062324251318VF6JVY (Cash)",,"No Description",Cash,0,,0.000,USD,,0,,,,-7.82,1851.82,
10/11/2023,"DEBIT CARD PURCHASE AMZN Mktp US*TE7MF8Q02 Amzn.com/bill WA10092324692168S34KXQ (Cash)",,"No Description",Cash,0,,0.000,USD,,0,,,,-21.19,1859.64,
10/11/2023,"DEBIT CARD PURCHASE POS5400 OLD VIRGINIA T MANASSAS VA10092324251318VF6JVY (Cash)",,"No Description",Cash,0,,0.000,USD,,0,,,,-68.98,1880.83,
10/11/2023,"DEBIT CARD PURCHASE AMZN Mktp US*TE4BG8MJ0 Amzn.com/bill WA10092324692168S34KXF (Cash)",,"No Description",Cash,0,,0.000,USD,,0,,,,-105.98,1949.81,
10/10/2023,"DIRECT DEBIT eBay IncMVQOGNPAYMENTS (Cash)", ,"No Description",Cash,0,,0.000,USD,,0,,,,-0.09,2055.79,
10/10/2023,"BILL PAYMENT NOVEC (Cash)", ,"No Description",Cash,0,,0.000,USD,,0,,,,-129.49,2055.88,
10/10/2023,"BILL PAYMENT NOVEC (Cash)", ,"No Description",Cash,0,,0.000,USD,,0,,,,-412.3,2185.37,
10/09/2023,"DEBIT CARD PURCHASE GREENLIGHT 404-953-5925 GA10072324492158RLWFM6 (Cash)",,"No Description",Cash,0,,0.000,USD,,0,,,,-40,2597.67,
10/09/2023,"DEBIT CARD PURCHASE TACTICAL AIRSOFT ARENA MANASSAS VA10062324755428RMAF4Z (Cash)",,"No Description",Cash,0,,0.000,USD,,0,,,,-44.94,2637.67,
10/09/2023,"DEBIT CARD PURCHASE PIZZA BOLI'S 703-335-2000 VA10062324765018R5SP0L (Cash)",,"No Description",Cash,0,,0.000,USD,,0,,,,-63.31,2682.61,
10/09/2023,"TRANSFERRED TO VS Z23-693697-1 (Cash)", ,"No Description",Cash,0,,0.000,USD,,0,,,,-65,2745.92,
10/09/2023,"DEBIT CARD PURCHASE PAYPAL *Roetto Michael Visa Direct CA10052324248188N004F3 (Cash)",,"No Description",Cash,0,,0.000,USD,,0,,,,-75,2810.92,
10/06/2023,"REINVESTMENT VANECK ETF TR VANECK LONG MUNI ETF (MLN) (Cash)",MLN,"VANECK ETF TR VANECK LONG MUNI ETF",Cash,0,,0.05,USD,16.45,0,,,,-0.82,2885.92,
10/06/2023,"REINVESTMENT VANECK ETF TR FALLEN ANGEL HIGH YLD ... (ANGL) (Cash)",ANGL,"VANECK ETF TR FALLEN ANGEL HIGH YLD BD ",Cash,0,,0.037,USD,26.49,0,,,,-0.99,2886.74,
10/06/2023,"DIVIDEND RECEIVED VANECK ETF TR FALLEN ANGEL HIGH YLD ... (ANGL) (Cash)",ANGL,"VANECK ETF TR FALLEN ANGEL HIGH YLD BD ",Cash,0,,0.000,USD,,0,,,,0.99,2887.73,
10/06/2023,"REINVESTMENT ISHARES TR JP MOR EM MK ETF (EMB) (Cash)",EMB,"ISHARES TR JP MOR EM MK ETF",Cash,0,,0.001,USD,80.57,0,,,,-0.08,2886.74,
10/06/2023,"DIVIDEND RECEIVED ISHARES TR JP MOR EM MK ETF (EMB) (Cash)",EMB,"ISHARES TR JP MOR EM MK ETF",Cash,0,,0.000,USD,,0,,,,0.08,2886.82,
10/06/2023,"REINVESTMENT FLEXSHARES CREDIT-SCORED US LONG COR... (LKOR) (Cash)",LKOR,"FLEXSHARES CREDIT-SCORED US LONG CORP B",Cash,0,,0.023,USD,38.84,0,,,,-0.89,2886.74,
10/06/2023,"DIVIDEND RECEIVED FLEXSHARES CREDIT-SCORED US LONG COR... (LKOR) (Cash)",LKOR,"FLEXSHARES CREDIT-SCORED US LONG CORP B",Cash,0,,0.000,USD,,0,,,,0.89,2887.63,
10/06/2023,"REINVESTMENT FIDELITY DIVIDEND GROWTH (FDGFX) (Cash)",FDGFX,"FIDELITY DIVIDEND GROWTH",Cash,0,,0.004,USD,29.87,0,,,,-0.11,2886.74,
10/06/2023,"DIVIDEND RECEIVED FIDELITY DIVIDEND GROWTH (FDGFX) (Cash)",FDGFX,"FIDELITY DIVIDEND GROWTH",Cash,0,,0.000,USD,,0,,,,0.11,2886.85,
10/06/2023,"DIVIDEND RECEIVED VANECK ETF TR VANECK LONG MUNI ETF (MLN) (Cash)",MLN,"VANECK ETF TR VANECK LONG MUNI ETF",Cash,0,,0.000,USD,,0,,,,0.82,2886.74,
10/06/2023,"IN LIEU OF FRX SHARE SPINOFF FROM:(NVS ) SANDOZ GROUP AG SPON ADS EACH REP 1 ... (SDZNY) (Cash)",SDZNY,"SANDOZ GROUP AG SPON ADS EACH REP 1 COM",Cash,0,,0.000,USD,,0,,,,1.32,2885.92,
10/06/2023,"DIRECT DEPOSIT eBay IncMSJYPAYMENTS (Cash)", ,"No Description",Cash,0,,0.000,USD,,0,,,,0.02,2884.60,
10/06/2023,"DIRECT DEPOSIT eBay IncMSJYPAYMENTS (Cash)", ,"No Description",Cash,0,,0.000,USD,,0,,,,0.07,2884.58,
10/05/2023,"REINVESTMENT VANGUARD SCOTTSDALE FDS VANGUARD SHO... (VCSH) (Cash)",VCSH,"VANGUARD SCOTTSDALE FDS VANGUARD SHORT-",Cash,0,,0.004,USD,74.69,0,,,,-0.31,2884.51,
10/05/2023,"DIVIDEND RECEIVED VANGUARD SCOTTSDALE FDS VANGUARD SHO... (VCSH) (Cash)",VCSH,"VANGUARD SCOTTSDALE FDS VANGUARD SHORT-",Cash,0,,0.000,USD,,0,,,,0.31,2884.82,
10/05/2023,"REINVESTMENT J P MORGAN EXCHANGE TRADED FD INTL B... (JPIB) (Cash)",JPIB,"J P MORGAN EXCHANGE TRADED FD INTL BD O",Cash,0,,0.014,USD,44.99,0,,,,-0.62,2884.51,
10/05/2023,"DIVIDEND RECEIVED J P MORGAN EXCHANGE TRADED FD INTL B... (JPIB) (Cash)",JPIB,"J P MORGAN EXCHANGE TRADED FD INTL BD O",Cash,0,,0.000,USD,,0,,,,0.62,2885.13,
10/05/2023,"DIVIDEND RECEIVED HEARTLAND EXPRESS INC (HTLD) (Cash)",HTLD,"HEARTLAND EXPRESS INC",Cash,0,,0.000,USD,,0,,,,0.02,2884.51,
10/05/2023,"BILL PAYMENT VERIZON WIRELESS (Cash)", ,"No Description",Cash,0,,0.000,USD,,0,,,,-147.55,2884.49,
10/05/2023,"TRANSFERRED TO VS Z23-693697-1 (Cash)", ,"No Description",Cash,0,,0.000,USD,,0,,,,-180,3032.04,
10/04/2023,"DEBIT CARD PURCHASE CMSVEND*CV SUITLAND SUITLAND MD10022324445008K8PVQG (Cash)",,"No Description",Cash,0,,0.000,USD,,0,,,,-2.5,3212.04,
10/04/2023,"DEBIT CARD PURCHASE Amazon web services aws.amazon.co WA10022324692168K2ZGLQ (Cash)",,"No Description",Cash,0,,0.000,USD,,0,,,,-27.97,3214.54,
10/03/2023,"DIVIDEND RECEIVED KIMBERLY-CLARK CORP COM (KMB) (Cash)",KMB,"KIMBERLY-CLARK CORP COM",Cash,0,,0.000,USD,,0,,,,0.85,3242.51,
10/03/2023,"DEBIT CARD PURCHASE PIZZA HUT 037448 https://ipcha VA09292324943008H2M3JQ (Cash)",,"No Description",Cash,0,,0.000,USD,,0,,,,-58.98,3241.66,
10/03/2023,"DEBIT CARD PURCHASE PAYPAL *Roetto Michael Visa Direct CA10012324248188J0053E (Cash)",,"No Description",Cash,0,,0.000,USD,,0,,,,-100,3300.64,
10/02/2023,"DIVIDEND RECEIVED ISHARES MORTGAGE REAL ESTATE ETF (REM) (Cash)",REM,"ISHARES MORTGAGE REAL ESTATE ETF",Cash,0,,0.000,USD,,0,,,,1,3400.64,
10/02/2023,"DIVIDEND RECEIVED as of Sep-30-2023 INTERPARFUMS, INC. COMMON STOCK (IPAR) (Cash)",IPAR,"INTERPARFUMS, INC. COMMON STOCK",Cash,0,,0.000,USD,,0,,,,0.32,3399.64,
10/02/2023,"DEBIT CARD PURCHASE PAYPAL *julie_ann98 Visa Direct CA09292324248188G00027 (Cash)",,"No Description",Cash,0,,0.000,USD,,0,,,,-0.4,3399.32,
10/02/2023,"DEBIT CARD PURCHASE Amazon.com*T12UT5UT0 Amzn.com/bill WA09282324692168F35SL5 (Cash)",,"No Description",Cash,0,,0.000,USD,,0,,,,-79.49,3399.72,
10/02/2023,"DIRECT DEBIT STATE FARM RO SFPP (Cash)", ,"No Description",Cash,0,,0.000,USD,,0,,,,-229.05,3479.21,
10/02/2023,"DEBIT CARD PURCHASE PAYPAL *Roetto Michael Visa Direct CA09292324248188G0000J (Cash)",,"No Description",Cash,0,,0.000,USD,,0,,,,-563.24,3708.26,
09/29/2023,"DIVIDEND RECEIVED SERVICE CORPORATION INTERNATIONAL CO... (SCI) (Cash)",SCI,"SERVICE CORPORATION INTERNATIONAL COM U",Cash,0,,0.000,USD,,0,,,,0.27,4271.50,
09/29/2023,"DIVIDEND RECEIVED PROLOGIS INC. COM (PLD) (Cash)",PLD,"PROLOGIS INC. COM",Cash,0,,0.000,USD,,0,,,,0.24,4271.23,
09/29/2023,"DIVIDEND RECEIVED HUNTSMAN CORP (HUN) (Cash)",HUN,"HUNTSMAN CORP",Cash,0,,0.000,USD,,0,,,,0.56,4270.99,
09/29/2023,"REINVESTMENT FIRST TR EXCHANGE TRADED FD III FIRS... (FPE) (Cash)",FPE,"FIRST TR EXCHANGE TRADED FD III FIRST T",Cash,0,,0.047,USD,15.95,0,,,,-0.75,4270.43,
09/29/2023,"DIVIDEND RECEIVED FIRST TR EXCHANGE TRADED FD III FIRS... (FPE) (Cash)",FPE,"FIRST TR EXCHANGE TRADED FD III FIRST T",Cash,0,,0.000,USD,,0,,,,0.75,4271.18,
09/29/2023,"REINVESTMENT FID L/T TREASURY BOND INDEX FUND (FNBGX) (Cash)",FNBGX,"FID L/T TREASURY BOND INDEX FUND",Cash,0,,0.071,USD,9.11,0,,,,-0.65,4270.43,
09/29/2023,"DIVIDEND RECEIVED FID L/T TREASURY BOND INDEX FUND (FNBGX) (Cash)",FNBGX,"FID L/T TREASURY BOND INDEX FUND",Cash,0,,0.000,USD,,0,,,,0.65,4271.08,
09/29/2023,"DIVIDEND RECEIVED FIDELITY GOVERNMENT MONEY MARKET (SPAXX) (Cash)",SPAXX,"FIDELITY GOVERNMENT MONEY MARKET",Cash,0,,0.000,USD,,0,,,,13.89,4270.43,
09/29/2023,"REINVESTMENT FIDELITY CAPITAL & INCOME (FAGIX) (Cash)",FAGIX,"FIDELITY CAPITAL & INCOME",Cash,0,,0.015,USD,9.22,0,,,,-0.14,4256.54,
09/29/2023,"DIVIDEND RECEIVED FIDELITY CAPITAL & INCOME (FAGIX) (Cash)",FAGIX,"FIDELITY CAPITAL & INCOME",Cash,0,,0.000,USD,,0,,,,0.14,4256.68,
09/29/2023,"DIVIDEND RECEIVED ENTRAVISION COMMUNICATIONS CORP (EVC) (Cash)",EVC,"ENTRAVISION COMMUNICATIONS CORP",Cash,0,,0.000,USD,,0,,,,0.56,4256.54,
09/29/2023,"DIVIDEND RECEIVED BROADCOM INC COM (AVGO) (Cash)",AVGO,"BROADCOM INC COM",Cash,0,,0.000,USD,,0,,,,0.53,4255.98,
09/29/2023,"DIVIDEND RECEIVED ACADIAN ASSET MANAGEMENT INC. COM (AAMI) (Cash)",AAMI,"ACADIAN ASSET MANAGEMENT INC. COM",Cash,0,,0.000,USD,,0,,,,0.02,4255.45,
09/29/2023,"DEBIT CARD PURCHASE AMZN Mktp US*T962M53V2 Amzn.com/bill WA09272324692168E3535E (Cash)",,"No Description",Cash,0,,0.000,USD,,0,,,,-10.59,4251.84,
09/29/2023,"DEBIT CARD PURCHASE IHOP #0564 MANASSAS VA09262324943008EP637Q (Cash)",,"No Description",Cash,0,,0.000,USD,,0,,,,-28.39,4262.43,
09/29/2023,"TRANSFERRED TO VS Z23-693697-1 (Cash)", ,"No Description",Cash,0,,0.000,USD,,0,,,,-120,4290.82,
09/29/2023,"DEBIT CARD PURCHASE PAYPAL *Roetto Michael Visa Direct CA09272324248188E00610 (Cash)",,"No Description",Cash,0,,0.000,USD,,0,,,,-250,4410.82,
09/29/2023,"BILL PAYMENT CAPITAL ONE AUTO FINANC (Cash)", ,"No Description",Cash,0,,0.000,USD,,0,,,,-700,4660.82,
09/29/2023,"YOU EXCHANGED (Cash)",,"US DOLLAR",Cash,3.59,USD,-28.4,HKD,,0.1264365,,,,-28.4,4255.43,10/04/2023
09/28/2023,"DIVIDEND RECEIVED GILEAD SCIENCES INC COM USD0.001 (GILD) (Cash)",GILD,"GILEAD SCIENCES INC COM USD0.001",Cash,0,,0.000,USD,,0,,,,0.38,5360.82,
09/28/2023,"DEBIT CARD PURCHASE PAYPAL *QUICKEN INC 402-935-7733 CA09262324492158DRTP7E (Cash)",,"No Description",Cash,0,,0.000,USD,,0,,,,-50.33,5360.44,
09/28/2023,"DIRECT DEPOSIT COM2 TREAS 3 FED SAL (Cash)", ,"No Description",Cash,0,,0.000,USD,,0,,,,4110.87,5410.77,
09/28/2023,"FOREIGN TAX PAID CHINA PETROLEUM & CHEMICAL CORP HONG KONG DOLLAR (Cash)",386:HK,"HONG KONG DOLLAR",,NaN,HKD,0.000,HKD,,0,,,,-3.16,--,09/28/2023
09/28/2023,"DIVIDEND RECEIVED CHINA PETROLEUM & CHEMICAL CORP HONG KONG DOLLAR (Cash)",386:HK,"HONG KONG DOLLAR",,NaN,HKD,0.000,HKD,,0,,,,31.56,--,09/28/2023
09/27/2023,"FEE CHARGED PETROLEO BRASILEIRO SA PETROBRAS SPO... (PBR) (Cash)",PBR,"PETROLEO BRASILEIRO SA PETROBRAS SPON A",Cash,0,,0.000,USD,,0,,,,-0.01,1299.90,
09/27/2023,"DIVIDEND RECEIVED PETROLEO BRASILEIRO SA PETROBRAS SPO... (PBR) (Cash)",PBR,"PETROLEO BRASILEIRO SA PETROBRAS SPON A",Cash,0,,0.000,USD,,0,,,,0.47,1299.91,
09/27/2023,"TRANSFERRED TO VS Z23-693697-1 (Cash)", ,"No Description",Cash,0,,0.000,USD,,0,,,,-70,1299.44,
09/27/2023,"DEBIT CARD PURCHASE PAYPAL *Roetto Michael Visa Direct CA09252324248188Q006JN (Cash)",,"No Description",Cash,0,,0.000,USD,,0,,,,-150,1369.44,
09/26/2023,"DEBIT CARD PURCHASE POSN176 7-ELEVEN MANASSAS VA09232324251318QF6JVS (Cash)",,"No Description",Cash,0,,0.000,USD,,0,,,,-14.34,1519.44,
09/26/2023,"TRANSFERRED TO VS Z23-693697-1 (Cash)", ,"No Description",Cash,0,,0.000,USD,,0,,,,-600,1533.78,
09/25/2023,"DEBIT CARD PURCHASE Amazon.com*T16TI4OB0 Amzn.com/bill WA09222324692168931A7G (Cash)",,"No Description",Cash,0,,0.000,USD,,0,,,,-11.78,2133.78,
09/25/2023,"DEBIT CARD PURCHASE POSMOFP 7-ELEVEN Manassas Par VA092123242513189F6JVT (Cash)",,"No Description",Cash,0,,0.000,USD,,0,,,,-36.99,2145.56,
09/25/2023,"DEBIT CARD PURCHASE PAYPAL *Roetto Michael Visa Direct CA092123242481888005RZ (Cash)",,"No Description",Cash,0,,0.000,USD,,0,,,,-38,2182.55,
09/25/2023,"DEBIT CARD PURCHASE PIZZA HUT 037448 https://ipcha VA09222324943008A2M3BN (Cash)",,"No Description",Cash,0,,0.000,USD,,0,,,,-53.53,2220.55,
09/25/2023,"DEBIT CARD PURCHASE PAYPAL *Roetto Michael Visa Direct CA092223242481889004GP (Cash)",,"No Description",Cash,0,,0.000,USD,,0,,,,-60,2274.08,
09/22/2023,"DEBIT CARD PURCHASE CMSVEND*CV SUITLAND SUITLAND MD0920232444500878PSEM (Cash)",,"No Description",Cash,0,,0.000,USD,,0,,,,-2.5,2334.08,
09/22/2023,"BILL PAYMENT PWC SERVICE AUTHORITY (Cash)", ,"No Description",Cash,0,,0.000,USD,,0,,,,-249.99,2336.58,
09/21/2023,"DEBIT CARD PURCHASE PAYPAL *Roetto Michael Visa Direct CA091923242481886004VM (Cash)",,"No Description",Cash,0,,0.000,USD,,0,,,,-75,2586.57,
09/21/2023,"DEBIT CARD PURCHASE PAYPAL *Roetto Michael Visa Direct CA091923242481886004S0 (Cash)",,"No Description",Cash,0,,0.000,USD,,0,,,,-125,2661.57,
09/20/2023,"REINVESTMENT DOMINION ENERGY INC COM (D) (Cash)",D,"DOMINION ENERGY INC COM",Cash,0,,0.023,USD,48.63,0,,,,-1.11,2786.57,
09/20/2023,"DIVIDEND RECEIVED DOMINION ENERGY INC COM (D) (Cash)",D,"DOMINION ENERGY INC COM",Cash,0,,0.000,USD,,0,,,,1.11,2787.68,
09/20/2023,"DEBIT CARD PURCHASE Amazon.com*TX3C75QQ2 Amzn.com/bill WA0918232469216852Y48S (Cash)",,"No Description",Cash,0,,0.000,USD,,0,,,,-21.17,2786.57,
09/20/2023,"DEBIT CARD PURCHASE WWW.TIME4LEARNING.COM 954-7710914 FL0918232490641855AD69 (Cash)",,"No Description",Cash,0,,0.000,USD,,0,,,,-24.95,2807.74,
09/19/2023,"TRANSFERRED TO VS Z23-693697-1 (Cash)", ,"No Description",Cash,0,,0.000,USD,,0,,,,-5,2832.69,
09/19/2023,"DEBIT CARD PURCHASE Amazon.com*TX3VM6592 Amzn.com/bill WA0917232469216842XMH9 (Cash)",,"No Description",Cash,0,,0.000,USD,,0,,,,-8.54,2837.69,
09/19/2023,"DEBIT CARD PURCHASE Amazon.com*TX4IH2P50 Amzn.com/bill WA0917232469216842XM70 (Cash)",,"No Description",Cash,0,,0.000,USD,,0,,,,-20.98,2846.23,
09/19/2023,"DEBIT CARD PURCHASE PAYPAL *Roetto Michael Visa Direct CA091723242481884005QD (Cash)",,"No Description",Cash,0,,0.000,USD,,0,,,,-75,2867.21,
09/19/2023,"BILL PAYMENT WELLS FARGO AUTO (Cash)", ,"No Description",Cash,0,,0.000,USD,,0,,,,-922.18,2942.21,
09/18/2023,"DEBIT CARD PURCHASE GREENLIGHT 404-953-5925 GA091523244921582LXLKL (Cash)",,"No Description",Cash,0,,0.000,USD,,0,,,,-4.37,3864.39,
09/18/2023,"DEBIT CARD PURCHASE GREENLIGHT 404-953-5925 GA091523244921582LXLKK (Cash)",,"No Description",Cash,0,,0.000,USD,,0,,,,-15.63,3868.76,
09/18/2023,"DEBIT CARD PURCHASE Amazon.com*TX4102FY0 Amzn.com/bill WA09142324692168134P06 (Cash)",,"No Description",Cash,0,,0.000,USD,,0,,,,-15.9,3884.39,
09/18/2023,"DEBIT CARD PURCHASE GREENLIGHT 404-953-5925 GA091523244921582LTXRT (Cash)",,"No Description",Cash,0,,0.000,USD,,0,,,,-20,3900.29,
09/18/2023,"DEBIT CARD PURCHASE Amazon.com*TX4R07362 Amzn.com/bill WA0915232469216823547Z (Cash)",,"No Description",Cash,0,,0.000,USD,,0,,,,-24.64,3920.29,
09/18/2023,"DEBIT CARD PURCHASE MCDONALD'S F18095 MANASSAS VA091623244273383LYRQ6 (Cash)",,"No Description",Cash,0,,0.000,USD,,0,,,,-43.39,3944.93,
09/18/2023,"DEBIT CARD PURCHASE PAYPAL *Roetto Michael Visa Direct CA091523242481882004WF (Cash)",,"No Description",Cash,0,,0.000,USD,,0,,,,-400,3988.32,
09/15/2023,"DIVIDEND RECEIVED SS&C TECHNOLOGIES HLDGS INC COM (SSNC) (Cash)",SSNC,"SS&C TECHNOLOGIES HLDGS INC COM",Cash,0,,0.000,USD,,0,,,,0.24,4388.32,
09/15/2023,"DIVIDEND RECEIVED FIRST AMERICAN FINANCIAL CORP (FAF) (Cash)",FAF,"FIRST AMERICAN FINANCIAL CORP",Cash,0,,0.000,USD,,0,,,,1.08,4388.08,
09/15/2023,"DEBIT CARD PURCHASE PAYPAL *Roetto Michael Visa Direct CA091323242481880004LG (Cash)",,"No Description",Cash,0,,0.000,USD,,0,,,,-75,4387.00,
09/15/2023,"BILL PAYMENT SELECT PORTFOLIO SERVIC (Cash)", ,"No Description",Cash,0,,0.000,USD,,0,,,,-1459.93,4462.00,
09/14/2023,"YOU BOUGHT TESLA INC COM (TSLA) (Cash)",TSLA,"TESLA INC COM",Cash,0,,0.076,USD,274.9,0,,,,-20.89,5921.93,09/18/2023
09/14/2023,"DIRECT DEPOSIT COM2 TREAS 3 FED SAL (Cash)", ,"No Description",Cash,0,,0.000,USD,,0,,,,4110.86,5942.82,
09/12/2023,"DEBIT CARD PURCHASE POS7011 TACTICAL AIRSO MANASSAS VA09092324251317YF6JVN (Cash)",,"No Description",Cash,0,,0.000,USD,,0,,,,-55.64,1831.96,
09/11/2023,"FOREIGN TAX PAID VALE S.A. SPONS ADS REPR 1 COM NPV (VALE) (Cash)",VALE,"VALE S.A. SPONS ADS REPR 1 COM NPV",Cash,0,,0.000,USD,,0,,,,-0.18,1887.60,
09/11/2023,"DIVIDEND RECEIVED VALE S.A. SPONS ADS REPR 1 COM NPV (VALE) (Cash)",VALE,"VALE S.A. SPONS ADS REPR 1 COM NPV",Cash,0,,0.000,USD,,0,,,,1.22,1887.78,
09/11/2023,"DEBIT CARD PURCHASE PAYPAL *ALIPAYUSINC 4029357733 CA09082324198807X9T4R5 (Cash)",,"No Description",Cash,0,,0.000,USD,,0,,,,-4.02,1886.56,
09/11/2023,"DEBIT CARD PURCHASE GIANT LANDOVER #239 MANASSAS VA09082324692167V30BQX (Cash)",,"No Description",Cash,0,,0.000,USD,,0,,,,-28.43,1890.58,
09/11/2023,"DEBIT CARD PURCHASE POS5400 OLD VIRGINIA T MANASSAS VA09082324251317VF6JVM (Cash)",,"No Description",Cash,0,,0.000,USD,,0,,,,-57.49,1919.01,
09/11/2023,"BILL PAYMENT NOVEC (Cash)", ,"No Description",Cash,0,,0.000,USD,,0,,,,-93.57,1976.50,
09/11/2023,"BILL PAYMENT NOVEC (Cash)", ,"No Description",Cash,0,,0.000,USD,,0,,,,-394.15,2070.07,
09/11/2023,"BILL PAYMENT CAPITAL ONE AUTO FINANC (Cash)", ,"No Description",Cash,0,,0.000,USD,,0,,,,-1413.7,2464.22,
09/08/2023,"REINVESTMENT VANECK ETF TR VANECK LONG MUNI ETF (MLN) (Cash)",MLN,"VANECK ETF TR VANECK LONG MUNI ETF",Cash,0,,0.047,USD,17.32,0,,,,-0.81,3877.92,
09/08/2023,"REINVESTMENT VANECK ETF TR FALLEN ANGEL HIGH YLD ... (ANGL) (Cash)",ANGL,"VANECK ETF TR FALLEN ANGEL HIGH YLD BD ",Cash,0,,0.035,USD,27.43,0,,,,-0.97,3878.73,
09/08/2023,"DIVIDEND RECEIVED VANECK ETF TR FALLEN ANGEL HIGH YLD ... (ANGL) (Cash)",ANGL,"VANECK ETF TR FALLEN ANGEL HIGH YLD BD ",Cash,0,,0.000,USD,,0,,,,0.97,3879.70,
09/08/2023,"DIVIDEND RECEIVED OTIS WORLDWIDE CORP COM (OTIS) (Cash)",OTIS,"OTIS WORLDWIDE CORP COM",Cash,0,,0.000,USD,,0,,,,0.06,3878.73,
09/08/2023,"REINVESTMENT ISHARES TR JP MOR EM MK ETF (EMB) (Cash)",EMB,"ISHARES TR JP MOR EM MK ETF",Cash,0,,0.001,USD,84.2,0,,,,-0.08,3878.67,
09/08/2023,"DIVIDEND RECEIVED ISHARES TR JP MOR EM MK ETF (EMB) (Cash)",EMB,"ISHARES TR JP MOR EM MK ETF",Cash,0,,0.000,USD,,0,,,,0.08,3878.75,
09/08/2023,"REINVESTMENT FLEXSHARES CREDIT-SCORED US LONG COR... (LKOR) (Cash)",LKOR,"FLEXSHARES CREDIT-SCORED US LONG CORP B",Cash,0,,0.022,USD,41.2,0,,,,-0.9,3878.67,
09/08/2023,"DIVIDEND RECEIVED FLEXSHARES CREDIT-SCORED US LONG COR... (LKOR) (Cash)",LKOR,"FLEXSHARES CREDIT-SCORED US LONG CORP B",Cash,0,,0.000,USD,,0,,,,0.9,3879.57,
09/08/2023,"DIVIDEND RECEIVED VANECK ETF TR VANECK LONG MUNI ETF (MLN) (Cash)",MLN,"VANECK ETF TR VANECK LONG MUNI ETF",Cash,0,,0.000,USD,,0,,,,0.81,3878.67,
09/08/2023,"LONG-TERM CAP GAIN FIDELITY DIVIDEND GROWTH (FDGFX) (Cash)",FDGFX,"FIDELITY DIVIDEND GROWTH",Cash,0,,0.000,USD,,0,,,,0.35,3877.86,
09/08/2023,"DEBIT CARD PURCHASE POSM6KE 7-ELEVEN MANASSAS VA09072324251317SF6JVL (Cash)",,"No Description",Cash,0,,0.000,USD,,0,,,,-11.74,3877.51,
09/08/2023,"CASH ADVANCE ATM17 7915 SUDLEY RD MANASSAS VA09062374251317S06GSV (Cash)",,"No Description",Cash,0,,0.000,USD,,0,,,,-103.5,3889.25,
09/08/2023,"DEBIT CARD PURCHASE PAYPAL *Roetto Michael Visa Direct CA09062324248187T00607 (Cash)",,"No Description",Cash,0,,0.000,USD,,0,,,,-175,3992.75,
09/07/2023,"REINVESTMENT VANGUARD SCOTTSDALE FDS VANGUARD SHO... (VCSH) (Cash)",VCSH,"VANGUARD SCOTTSDALE FDS VANGUARD SHORT-",Cash,0,,0.004,USD,75.21,0,,,,-0.3,4167.75,
09/07/2023,"DIVIDEND RECEIVED VANGUARD SCOTTSDALE FDS VANGUARD SHO... (VCSH) (Cash)",VCSH,"VANGUARD SCOTTSDALE FDS VANGUARD SHORT-",Cash,0,,0.000,USD,,0,,,,0.3,4168.05,
09/07/2023,"REINVESTMENT J P MORGAN EXCHANGE TRADED FD INTL B... (JPIB) (Cash)",JPIB,"J P MORGAN EXCHANGE TRADED FD INTL BD O",Cash,0,,0.017,USD,45.75,0,,,,-0.76,4167.75,
09/07/2023,"DIVIDEND RECEIVED J P MORGAN EXCHANGE TRADED FD INTL B... (JPIB) (Cash)",JPIB,"J P MORGAN EXCHANGE TRADED FD INTL BD O",Cash,0,,0.000,USD,,0,,,,0.76,4168.51,
09/06/2023,"DIVIDEND RECEIVED VULCAN MATERIALS CO (VMC) (Cash)",VMC,"VULCAN MATERIALS CO",Cash,0,,0.000,USD,,0,,,,0.15,4167.75,
09/06/2023,"DEBIT CARD PURCHASE POSM6KE 7-ELEVEN MANASSAS VA09032324251317RF6JVL (Cash)",,"No Description",Cash,0,,0.000,USD,,0,,,,-7.46,4167.60,
09/06/2023,"DEBIT CARD PURCHASE POS1 FOOD LION #138 MANASSAS VA09032324251317RF6JVL (Cash)",,"No Description",Cash,0,,0.000,USD,,0,,,,-34.37,4175.06,
09/06/2023,"DEBIT CARD PURCHASE POS3900 Megamart Super Manassas VA09042324251317RF6JVL (Cash)",,"No Description",Cash,0,,0.000,USD,,0,,,,-35.41,4209.43,
09/06/2023,"DEBIT CARD PURCHASE POSMTMA 7-ELEVEN Manassas Par VA09022324251317RF6JVL (Cash)",,"No Description",Cash,0,,0.000,USD,,0,,,,-55.51,4244.84,
09/05/2023,"DIVIDEND RECEIVED LYONDELLBASELL INDUSTRIES N V COM EU... (LYB) (Cash)",LYB,"LYONDELLBASELL INDUSTRIES N V COM EUR0.",Cash,0,,0.000,USD,,0,,,,0.86,4300.35,
09/05/2023,"DEBIT CARD PURCHASE Amazon web services aws.amazon.co WA09032324692167N2Z7GR (Cash)",,"No Description",Cash,0,,0.000,USD,,0,,,,-42.46,4299.49,
09/05/2023,"Electronic Funds Transfer Paid (Cash)",,"No Description",Cash,0,,0.000,USD,,0,,,,-100,4341.95,
09/05/2023,"Electronic Funds Transfer Paid (Cash)",,"No Description",Cash,0,,0.000,USD,,0,,,,-120,4441.95,
09/05/2023,"BILL PAYMENT VERIZON WIRELESS (Cash)", ,"No Description",Cash,0,,0.000,USD,,0,,,,-147.55,4561.95,
09/01/2023,"DIVIDEND RECEIVED FORD MTR CO DEL COM (F) (Cash)",F,"FORD MTR CO DEL COM",Cash,0,,0.000,USD,,0,,,,0.05,4709.50,
09/01/2023,"FOREIGN TAX PAID FORTIS INC COM ISIN #CA3495531079 SE... (FTS) (Cash)",FTS,"FORTIS INC COM ISIN #CA3495531079 SEDOL",Cash,0,,0.000,USD,,0,,,,-0.11,4709.45,
09/01/2023,"DIVIDEND RECEIVED FORTIS INC COM ISIN #CA3495531079 SE... (FTS) (Cash)",FTS,"FORTIS INC COM ISIN #CA3495531079 SEDOL",Cash,0,,0.000,USD,,0,,,,0.73,4709.56,
09/01/2023,"DIVIDEND RECEIVED BUNGE LIMITED COM STK USD0.01 *EXCHA... (G16962105) (Cash)",G16962105,"BUNGE LIMITED COM STK USD0.01 *EXCHANGE",Cash,0,,0.000,USD,,0,,,,0.3,4708.83,
09/01/2023,"YOU BOUGHT FIRST AMERICAN FINANCIAL CORP (FAF) (Cash)",FAF,"FIRST AMERICAN FINANCIAL CORP",Cash,0,,0.125,USD,63.57,0,,,,-7.95,4708.53,09/06/2023
09/01/2023,"YOU SOLD ACADIAN ASSET MANAGEMENT INC. COM (AAMI) (Cash)",AAMI,"ACADIAN ASSET MANAGEMENT INC. COM",Cash,0,,-0.401,USD,21.25,0,,,,8.52,4716.48,09/06/2023
08/31/2023,"DIVIDEND RECEIVED TAITRON COMPONENTS INC (TAIT) (Cash)",TAIT,"TAITRON COMPONENTS INC",Cash,0,,0.000,USD,,0,,,,0.99,4707.96,
08/31/2023,"REINVESTMENT FIRST TR EXCHANGE TRADED FD III FIRS... (FPE) (Cash)",FPE,"FIRST TR EXCHANGE TRADED FD III FIRST T",Cash,0,,0.052,USD,16.11,0,,,,-0.83,4706.97,
08/31/2023,"DIVIDEND RECEIVED FIRST TR EXCHANGE TRADED FD III FIRS... (FPE) (Cash)",FPE,"FIRST TR EXCHANGE TRADED FD III FIRST T",Cash,0,,0.000,USD,,0,,,,0.83,4707.80,
08/31/2023,"REINVESTMENT FID L/T TREASURY BOND INDEX FUND (FNBGX) (Cash)",FNBGX,"FID L/T TREASURY BOND INDEX FUND",Cash,0,,0.068,USD,9.86,0,,,,-0.67,4706.97,
08/31/2023,"DIVIDEND RECEIVED FID L/T TREASURY BOND INDEX FUND (FNBGX) (Cash)",FNBGX,"FID L/T TREASURY BOND INDEX FUND",Cash,0,,0.000,USD,,0,,,,0.67,4707.64,
08/31/2023,"DIVIDEND RECEIVED FIDELITY GOVERNMENT MONEY MARKET (SPAXX) (Cash)",SPAXX,"FIDELITY GOVERNMENT MONEY MARKET",Cash,0,,0.000,USD,,0,,,,10.38,4706.97,
08/31/2023,"REINVESTMENT FIDELITY CAPITAL & INCOME (FAGIX) (Cash)",FAGIX,"FIDELITY CAPITAL & INCOME",Cash,0,,0.014,USD,9.39,0,,,,-0.13,4696.59,
08/31/2023,"DIVIDEND RECEIVED FIDELITY CAPITAL & INCOME (FAGIX) (Cash)",FAGIX,"FIDELITY CAPITAL & INCOME",Cash,0,,0.000,USD,,0,,,,0.13,4696.72,
08/31/2023,"DIRECT DEPOSIT COM2 TREAS 3 FED SAL (Cash)", ,"No Description",Cash,0,,0.000,USD,,0,,,,4110.86,4696.59,
08/25/2023,"DIVIDEND RECEIVED TXNM ENERGY INC COM (TXNM) (Cash)",TXNM,"TXNM ENERGY INC COM",Cash,0,,0.000,USD,,0,,,,0.75,585.73,
08/25/2023,"REINVESTMENT HIGHPEAK ENERGY INC COM (HPK) (Cash)",HPK,"HIGHPEAK ENERGY INC COM",Cash,0,,0.007,USD,13.3,0,,,,-0.09,584.98,
08/25/2023,"DIVIDEND RECEIVED HIGHPEAK ENERGY INC COM (HPK) (Cash)",HPK,"HIGHPEAK ENERGY INC COM",Cash,0,,0.000,USD,,0,,,,0.09,585.07,
08/25/2023,"DIVIDEND RECEIVED CITIGROUP INC (C) (Cash)",C,"CITIGROUP INC",Cash,0,,0.000,USD,,0,,,,0.32,584.98,
08/25/2023,"FEE CHARGED PETROLEO BRASILEIRO SA PETROBRAS SPO... (PBR) (Cash)",PBR,"PETROLEO BRASILEIRO SA PETROBRAS SPON A",Cash,0,,0.000,USD,,0,,,,-0.01,584.66,
08/25/2023,"FOREIGN TAX PAID PETROLEO BRASILEIRO SA PETROBRAS SPO... (PBR) (Cash)",PBR,"PETROLEO BRASILEIRO SA PETROBRAS SPON A",Cash,0,,0.000,USD,,0,,,,-0.05,584.67,
08/25/2023,"DIVIDEND RECEIVED PETROLEO BRASILEIRO SA PETROBRAS SPO... (PBR) (Cash)",PBR,"PETROLEO BRASILEIRO SA PETROBRAS SPON A",Cash,0,,0.000,USD,,0,,,,0.13,584.72,
08/25/2023,"DIVIDEND RECEIVED PETROLEO BRASILEIRO SA PETROBRAS SPO... (PBR) (Cash)",PBR,"PETROLEO BRASILEIRO SA PETROBRAS SPON A",Cash,0,,0.000,USD,,0,,,,0.32,584.59,
08/25/2023,"Electronic Funds Transfer Received (Cash)", ,"No Description",Cash,0,,0.000,USD,,0,,,,284.13,584.27,
08/24/2023,"DIVIDEND RECEIVED NEXSTAR MEDIA GROUP INC COMMON STOCK (NXST) (Cash)",NXST,"NEXSTAR MEDIA GROUP INC COMMON STOCK",Cash,0,,0.000,USD,,0,,,,0.63,300.14,
08/23/2023,"TRANSFERRED TO VS 239-574793-1 CURRENT CONTRIBUTION (Cash)", ,"No Description",Cash,0,,0.000,USD,,0,,,,-150,299.51,
08/22/2023,"MERGER MER PAYOUT #REORCM0051523620000 FRANCHISE GROUP INC COM *CASH MERGER... (35180X105) (Cash)",35180X105,"FRANCHISE GROUP INC COM *CASH MERGER AT",Cash,0,,-4.888,USD,30,0,,,,146.64,449.51,
08/22/2023,"Electronic Funds Transfer Paid (Cash)",,"No Description",Cash,0,,0.000,USD,,0,,,,-2826,302.87,
08/18/2023,"YOU BOUGHT PALO ALTO NETWORKS INC COM USD0.0001 (PANW) (Cash)",PANW,"PALO ALTO NETWORKS INC COM USD0.0001",Cash,0,,0.25,USD,208.69,0,,,,-52.17,3128.87,08/22/2023
08/17/2023,"TRANSFERRED TO VS 239-574793-1 CURRENT CONTRIBUTION (Cash)", ,"No Description",Cash,0,,0.000,USD,,0,,,,-25,3181.04,
08/17/2023,"TRANSFERRED TO VS Z21-438083-1 (Cash)", ,"No Description",Cash,0,,0.000,USD,,0,,,,-25,3206.04,
08/17/2023,"TRANSFERRED TO VS Z09-658794-1 (Cash)", ,"No Description",Cash,0,,0.000,USD,,0,,,,-25,3231.04,
08/15/2023,"Electronic Funds Transfer Paid (Cash)",,"No Description",Cash,0,,0.000,USD,,0,,,,-50,3256.04,
08/10/2023,"REINVESTMENT VANECK ETF TR VANECK LONG MUNI ETF (MLN) (Cash)",MLN,"VANECK ETF TR VANECK LONG MUNI ETF",Cash,0,,0.039,USD,17.57,0,,,,-0.69,3306.04,
08/10/2023,"REINVESTMENT VANECK ETF TR FALLEN ANGEL HIGH YLD ... (ANGL) (Cash)",ANGL,"VANECK ETF TR FALLEN ANGEL HIGH YLD BD ",Cash,0,,0.031,USD,27.62,0,,,,-0.87,3306.73,
08/10/2023,"DIVIDEND RECEIVED VANECK ETF TR FALLEN ANGEL HIGH YLD ... (ANGL) (Cash)",ANGL,"VANECK ETF TR FALLEN ANGEL HIGH YLD BD ",Cash,0,,0.000,USD,,0,,,,0.87,3307.60,
08/10/2023,"DIVIDEND RECEIVED CARRIER GLOBAL CORPORATION COM (CARR) (Cash)",CARR,"CARRIER GLOBAL CORPORATION COM",Cash,0,,0.000,USD,,0,,,,0.47,3306.73,
08/10/2023,"DIVIDEND RECEIVED VANECK ETF TR VANECK LONG MUNI ETF (MLN) (Cash)",MLN,"VANECK ETF TR VANECK LONG MUNI ETF",Cash,0,,0.000,USD,,0,,,,0.69,3306.26,
08/10/2023,"FOREIGN TAX PAID ASML HOLDING NV EUR0.09 NY REGISTRY ... (ASML) (Cash)",ASML,"ASML HOLDING NV EUR0.09 NY REGISTRY SHS",Cash,0,,0.000,USD,,0,,,,-0.02,3305.57,
08/10/2023,"DIVIDEND RECEIVED ASML HOLDING NV EUR0.09 NY REGISTRY ... (ASML) (Cash)",ASML,"ASML HOLDING NV EUR0.09 NY REGISTRY SHS",Cash,0,,0.000,USD,,0,,,,0.14,3305.59,
08/07/2023,"REINVESTMENT ISHARES TR JP MOR EM MK ETF (EMB) (Cash)",EMB,"ISHARES TR JP MOR EM MK ETF",Cash,0,,0.001,USD,85.2,0,,,,-0.08,3305.45,
08/07/2023,"DIVIDEND RECEIVED ISHARES TR JP MOR EM MK ETF (EMB) (Cash)",EMB,"ISHARES TR JP MOR EM MK ETF",Cash,0,,0.000,USD,,0,,,,0.08,3305.53,
08/07/2023,"REINVESTMENT FLEXSHARES CREDIT-SCORED US LONG COR... (LKOR) (Cash)",LKOR,"FLEXSHARES CREDIT-SCORED US LONG CORP B",Cash,0,,0.02,USD,41.35,0,,,,-0.81,3305.45,
08/07/2023,"DIVIDEND RECEIVED FLEXSHARES CREDIT-SCORED US LONG COR... (LKOR) (Cash)",LKOR,"FLEXSHARES CREDIT-SCORED US LONG CORP B",Cash,0,,0.000,USD,,0,,,,0.81,3306.26,
08/07/2023,"YOU BOUGHT TXNM ENERGY INC COM (TXNM) (Cash)",TXNM,"TXNM ENERGY INC COM",Cash,0,,0.202,USD,44.43,0,,,,-8.97,3305.45,08/09/2023
08/07/2023,"YOU BOUGHT FLEXSHARES CREDIT-SCORED US LONG COR... (LKOR) (Cash)",LKOR,"FLEXSHARES CREDIT-SCORED US LONG CORP B",Cash,0,,0.477,USD,41.9,0,,,,-19.99,3314.42,08/09/2023
08/07/2023,"YOU SOLD BERKSHIRE HATHAWAY INC COM USD0.0033... (BRKB) (Cash)",BRKB,"BERKSHIRE HATHAWAY INC COM USD0.0033 CL",Cash,0,,-0.076,USD,363.29,0,,,,27.61,3334.41,08/09/2023
08/07/2023,"YOU BOUGHT AMERICA MOVIL SAB DE CV SPON ADS EAC... (AMX) (Cash)",AMX,"AMERICA MOVIL SAB DE CV SPON ADS EACH R",Cash,0,,0.45,USD,19.98,0,,,,-8.99,3306.80,08/09/2023
08/04/2023,"REINVESTMENT VANGUARD SCOTTSDALE FDS VANGUARD SHO... (VCSH) (Cash)",VCSH,"VANGUARD SCOTTSDALE FDS VANGUARD SHORT-",Cash,0,,0.004,USD,75.48,0,,,,-0.28,3315.79,
08/04/2023,"DIVIDEND RECEIVED VANGUARD SCOTTSDALE FDS VANGUARD SHO... (VCSH) (Cash)",VCSH,"VANGUARD SCOTTSDALE FDS VANGUARD SHORT-",Cash,0,,0.000,USD,,0,,,,0.28,3316.07,
08/04/2023,"DIVIDEND RECEIVED J P MORGAN EXCHANGE TRADED FD INTL B... (JPIB) (Cash)",JPIB,"J P MORGAN EXCHANGE TRADED FD INTL BD O",Cash,0,,0.000,USD,,0,,,,0.75,3315.79,
08/03/2023,"TRANSFERRED TO VS Z21-438083-1 (Cash)", ,"No Description",Cash,0,,0.000,USD,,0,,,,-20,3315.04,
08/03/2023,"TRANSFERRED TO VS Z09-658794-1 (Cash)", ,"No Description",Cash,0,,0.000,USD,,0,,,,-20,3335.04,
08/02/2023,"YOU BOUGHT TESLA INC COM (TSLA) (Cash)",TSLA,"TESLA INC COM",Cash,0,,0.098,USD,255.05,0,,,,-24.99,3355.04,08/04/2023
08/02/2023,"TRANSFERRED TO VS 239-574793-1 CURRENT CONTRIBUTION (Cash)", ,"No Description",Cash,0,,0.000,USD,,0,,,,-20,3380.03,
08/01/2023,"YOU BOUGHT VANECK ETF TR FALLEN ANGEL HIGH YLD ... (ANGL) (Cash)",ANGL,"VANECK ETF TR FALLEN ANGEL HIGH YLD BD ",Cash,0,,0.393,USD,27.64,0,,,,-10.86,3400.03,08/03/2023
08/01/2023,"YOU SOLD TAITRON COMPONENTS INC (TAIT) (Cash)",TAIT,"TAITRON COMPONENTS INC",Cash,0,,-4,USD,3.98,0,,,,15.92,3410.89,08/03/2023
08/01/2023,"YOU SOLD SERVICE CORPORATION INTERNATIONAL CO... (SCI) (Cash)",SCI,"SERVICE CORPORATION INTERNATIONAL COM U",Cash,0,,-0.1,USD,66.71,0,,,,6.67,3394.97,08/03/2023
08/01/2023,"YOU BOUGHT FORD MTR CO DEL COM (F) (Cash)",F,"FORD MTR CO DEL COM",Cash,0,,0.449,USD,13.34,0,,,,-5.99,3388.30,08/03/2023
08/01/2023,"YOU BOUGHT ASML HOLDING NV EUR0.09 NY REGISTRY ... (ASML) (Cash)",ASML,"ASML HOLDING NV EUR0.09 NY REGISTRY SHS",Cash,0,,0.015,USD,709.29,0,,,,-10.64,3394.29,08/03/2023
07/31/2023,"DIVIDEND RECEIVED NATIONAL HEALTHCARE CORP (NHC) (Cash)",NHC,"NATIONAL HEALTHCARE CORP",Cash,0,,0.000,USD,,0,,,,0.72,3404.93,
07/31/2023,"REINVESTMENT FIRST TR EXCHANGE TRADED FD III FIRS... (FPE) (Cash)",FPE,"FIRST TR EXCHANGE TRADED FD III FIRST T",Cash,0,,0.039,USD,16.25,0,,,,-0.64,3404.21,
07/31/2023,"DIVIDEND RECEIVED FIRST TR EXCHANGE TRADED FD III FIRS... (FPE) (Cash)",FPE,"FIRST TR EXCHANGE TRADED FD III FIRST T",Cash,0,,0.000,USD,,0,,,,0.64,3404.85,
07/31/2023,"REINVESTMENT FID L/T TREASURY BOND INDEX FUND (FNBGX) (Cash)",FNBGX,"FID L/T TREASURY BOND INDEX FUND",Cash,0,,0.066,USD,10.17,0,,,,-0.67,3404.21,
07/31/2023,"DIVIDEND RECEIVED FID L/T TREASURY BOND INDEX FUND (FNBGX) (Cash)",FNBGX,"FID L/T TREASURY BOND INDEX FUND",Cash,0,,0.000,USD,,0,,,,0.67,3404.88,
07/31/2023,"DIVIDEND RECEIVED FIDELITY GOVERNMENT MONEY MARKET (SPAXX) (Cash)",SPAXX,"FIDELITY GOVERNMENT MONEY MARKET",Cash,0,,0.000,USD,,0,,,,3.65,3404.21,
07/31/2023,"REINVESTMENT FIDELITY CAPITAL & INCOME (FAGIX) (Cash)",FAGIX,"FIDELITY CAPITAL & INCOME",Cash,0,,0.014,USD,9.44,0,,,,-0.13,3400.56,
07/31/2023,"DIVIDEND RECEIVED FIDELITY CAPITAL & INCOME (FAGIX) (Cash)",FAGIX,"FIDELITY CAPITAL & INCOME",Cash,0,,0.000,USD,,0,,,,0.13,3400.69,
07/26/2023,"REINVESTMENT as of Jul-24-2023 AMERICA MOVIL SAB DE CV SPON ADS EAC... (AMX) (Cash)",AMX,"AMERICA MOVIL SAB DE CV SPON ADS EACH R",Cash,0,,0.027,USD,20.93,0,,,,-0.57,3400.56,
07/26/2023,"DIVIDEND RECEIVED as of Jul-24-2023 AMERICA MOVIL SAB DE CV SPON ADS EAC... (AMX) (Cash)",AMX,"AMERICA MOVIL SAB DE CV SPON ADS EACH R",Cash,0,,0.000,USD,,0,,,,0.57,3401.13,
07/26/2023,"YOU BOUGHT ACADIAN ASSET MANAGEMENT INC. COM (AAMI) (Cash)",AAMI,"ACADIAN ASSET MANAGEMENT INC. COM",Cash,0,,0.345,USD,21.81,0,,,,-7.52,3400.56,07/28/2023
07/26/2023,"YOU SOLD BERKSHIRE HATHAWAY INC COM USD0.0033... (BRKB) (Cash)",BRKB,"BERKSHIRE HATHAWAY INC COM USD0.0033 CL",Cash,0,,-0.021,USD,350.2,0,,,,7.35,3408.08,07/28/2023
07/25/2023,"DIVIDEND RECEIVED QUEST DIAGNOSTICS INC COM USD0.01 (DGX) (Cash)",DGX,"QUEST DIAGNOSTICS INC COM USD0.01",Cash,0,,0.000,USD,,0,,,,0.29,3400.73,
07/25/2023,"DIVIDEND RECEIVED INGREDION INC COM USD0.01 (INGR) (Cash)",INGR,"INGREDION INC COM USD0.01",Cash,0,,0.000,USD,,0,,,,0.28,3400.44,
07/21/2023,"Electronic Funds Transfer Received (Cash)", ,"No Description",Cash,0,,0.000,USD,,0,,,,3400,3400.16,
07/20/2023,"YOU BOUGHT TESLA INC COM (TSLA) (Cash)",TSLA,"TESLA INC COM",Cash,0,,0.052,USD,262.63,0,,,,-13.66,0.16,07/24/2023
07/20/2023,"YOU SOLD NEXSTAR MEDIA GROUP INC COMMON STOCK (NXST) (Cash)",NXST,"NEXSTAR MEDIA GROUP INC COMMON STOCK",Cash,0,,-0.075,USD,183.41,0,,,,13.76,13.82,07/24/2023
07/13/2023,"DIVIDEND RECEIVED MEDICAL PROPERTIES TRUST INC (MPW) (Cash)",MPW,"MEDICAL PROPERTIES TRUST INC",Cash,0,,0.000,USD,,0,,,,1.28,0.06,
07/13/2023,"YOU BOUGHT VANGUARD SCOTTSDALE FDS VANGUARD SHO... (VCSH) (Cash)",VCSH,"VANGUARD SCOTTSDALE FDS VANGUARD SHORT-",Cash,0,,0.265,USD,76,0,,,,-20.14,-1.22,07/17/2023
07/13/2023,"YOU SOLD VANECK ETF TR VANECK LONG MUNI ETF (MLN) (Cash)",MLN,"VANECK ETF TR VANECK LONG MUNI ETF",Cash,0,,-0.125,USD,17.92,0,,,,2.24,18.92,07/17/2023
07/13/2023,"YOU SOLD VANECK ETF TR VANECK LONG MUNI ETF (MLN) (Cash)",MLN,"VANECK ETF TR VANECK LONG MUNI ETF",Cash,0,,-1,USD,17.92,0,,,,17.92,16.68,07/17/2023
07/13/2023,"YOU BOUGHT INTERPARFUMS, INC. COMMON STOCK (IPAR) (Cash)",IPAR,"INTERPARFUMS, INC. COMMON STOCK",Cash,0,,0.083,USD,134.42,0,,,,-11.16,-1.24,07/17/2023
07/13/2023,"YOU SOLD BUNGE LIMITED COM STK USD0.01 *EXCHA... (G16962105) (Cash)",G16962105,"BUNGE LIMITED COM STK USD0.01 *EXCHANGE",Cash,0,,-0.099,USD,100.08,0,,,,9.91,9.92,07/17/2023
07/11/2023,"YOU BOUGHT TXNM ENERGY INC COM (TXNM) (Cash)",TXNM,"TXNM ENERGY INC COM",Cash,0,,0.115,USD,45.43,0,,,,-5.22,0.01,07/13/2023
07/10/2023,"REINVESTMENT ISHARES TR JP MOR EM MK ETF (EMB) (Cash)",EMB,"ISHARES TR JP MOR EM MK ETF",Cash,0,,0.001,USD,84.76,0,,,,-0.08,5.23,
07/10/2023,"DIVIDEND RECEIVED ISHARES TR JP MOR EM MK ETF (EMB) (Cash)",EMB,"ISHARES TR JP MOR EM MK ETF",Cash,0,,0.000,USD,,0,,,,0.08,5.31,
07/10/2023,"REINVESTMENT FLEXSHARES CREDIT-SCORED US LONG COR... (LKOR) (Cash)",LKOR,"FLEXSHARES CREDIT-SCORED US LONG CORP B",Cash,0,,0.019,USD,42.3,0,,,,-0.79,5.23,
07/10/2023,"DIVIDEND RECEIVED FLEXSHARES CREDIT-SCORED US LONG COR... (LKOR) (Cash)",LKOR,"FLEXSHARES CREDIT-SCORED US LONG CORP B",Cash,0,,0.000,USD,,0,,,,0.79,6.02,
07/07/2023,"REINVESTMENT VANGUARD SCOTTSDALE FDS VANGUARD SHO... (VCSH) (Cash)",VCSH,"VANGUARD SCOTTSDALE FDS VANGUARD SHORT-",Cash,0,,0.003,USD,75.02,0,,,,-0.22,5.23,
07/07/2023,"DIVIDEND RECEIVED VANGUARD SCOTTSDALE FDS VANGUARD SHO... (VCSH) (Cash)",VCSH,"VANGUARD SCOTTSDALE FDS VANGUARD SHORT-",Cash,0,,0.000,USD,,0,,,,0.22,5.45,
07/07/2023,"REINVESTMENT VANECK ETF TR VANECK LONG MUNI ETF (MLN) (Cash)",MLN,"VANECK ETF TR VANECK LONG MUNI ETF",Cash,0,,0.046,USD,17.79,0,,,,-0.82,5.23,
07/07/2023,"REINVESTMENT VANECK ETF TR FALLEN ANGEL HIGH YLD ... (ANGL) (Cash)",ANGL,"VANECK ETF TR FALLEN ANGEL HIGH YLD BD ",Cash,0,,0.031,USD,27.33,0,,,,-0.86,6.05,
07/07/2023,"DIVIDEND RECEIVED VANECK ETF TR FALLEN ANGEL HIGH YLD ... (ANGL) (Cash)",ANGL,"VANECK ETF TR FALLEN ANGEL HIGH YLD BD ",Cash,0,,0.000,USD,,0,,,,0.86,6.91,
07/07/2023,"DIVIDEND RECEIVED J P MORGAN EXCHANGE TRADED FD INTL B... (JPIB) (Cash)",JPIB,"J P MORGAN EXCHANGE TRADED FD INTL BD O",Cash,0,,0.000,USD,,0,,,,0.79,6.05,
07/07/2023,"DIVIDEND RECEIVED FIDELITY DIVIDEND GROWTH (FDGFX) (Cash)",FDGFX,"FIDELITY DIVIDEND GROWTH",Cash,0,,0.000,USD,,0,,,,0.09,5.26,
07/07/2023,"DIVIDEND RECEIVED VANECK ETF TR VANECK LONG MUNI ETF (MLN) (Cash)",MLN,"VANECK ETF TR VANECK LONG MUNI ETF",Cash,0,,0.000,USD,,0,,,,0.82,5.17,
07/07/2023,"YOU BOUGHT FIRST AMERICAN FINANCIAL CORP (FAF) (Cash)",FAF,"FIRST AMERICAN FINANCIAL CORP",Cash,0,,0.234,USD,55.54,0,,,,-13,4.35,07/11/2023
07/07/2023,"YOU SOLD BERKSHIRE HATHAWAY INC COM USD0.0033... (BRKB) (Cash)",BRKB,"BERKSHIRE HATHAWAY INC COM USD0.0033 CL",Cash,0,,-0.045,USD,343.23,0,,,,15.45,17.35,07/11/2023
07/06/2023,"DIVIDEND RECEIVED HEARTLAND EXPRESS INC (HTLD) (Cash)",HTLD,"HEARTLAND EXPRESS INC",Cash,0,,0.000,USD,,0,,,,0.02,1.90,
07/06/2023,"DIVIDEND RECEIVED BRT APARTMENTS CORP COM (BRT) (Cash)",BRT,"BRT APARTMENTS CORP COM",Cash,0,,0.000,USD,,0,,,,1.85,1.88,
07/05/2023,"DIVIDEND RECEIVED KIMBERLY-CLARK CORP COM (KMB) (Cash)",KMB,"KIMBERLY-CLARK CORP COM",Cash,0,,0.000,USD,,0,,,,0.85,0.03,
07/05/2023,"YOU BOUGHT TESLA INC COM (TSLA) (Cash)",TSLA,"TESLA INC COM",Cash,0,,0.021,USD,279.16,0,,,,-5.86,-0.82,07/07/2023
07/05/2023,"YOU SOLD NICE LTD ADR-EACH CNV INTO 1 ORD ILS1 (NICE) (Cash)",NICE,"NICE LTD ADR-EACH CNV INTO 1 ORD ILS1",Cash,0,,-0.098,USD,202.8,0,,,,19.87,5.04,07/07/2023
07/05/2023,"YOU BOUGHT BROADCOM INC COM (AVGO) (Cash)",AVGO,"BROADCOM INC COM",Cash,0,,0.023,USD,864.3,0,,,,-19.88,-14.83,07/07/2023
06/30/2023,"DIVIDEND RECEIVED SERVICE CORPORATION INTERNATIONAL CO... (SCI) (Cash)",SCI,"SERVICE CORPORATION INTERNATIONAL COM U",Cash,0,,0.000,USD,,0,,,,0.34,0.11,
06/30/2023,"DIVIDEND RECEIVED PROLOGIS INC. COM (PLD) (Cash)",PLD,"PROLOGIS INC. COM",Cash,0,,0.000,USD,,0,,,,0.24,-0.23,
06/30/2023,"DIVIDEND RECEIVED INTERPARFUMS, INC. COMMON STOCK (IPAR) (Cash)",IPAR,"INTERPARFUMS, INC. COMMON STOCK",Cash,0,,0.000,USD,,0,,,,0.27,-0.47,
06/30/2023,"DIVIDEND RECEIVED HUNTSMAN CORP (HUN) (Cash)",HUN,"HUNTSMAN CORP",Cash,0,,0.000,USD,,0,,,,0.56,-0.74,
06/30/2023,"REINVESTMENT FIRST TR EXCHANGE TRADED FD III FIRS... (FPE) (Cash)",FPE,"FIRST TR EXCHANGE TRADED FD III FIRST T",Cash,0,,0.04,USD,15.87,0,,,,-0.64,-1.30,
06/30/2023,"DIVIDEND RECEIVED FIRST TR EXCHANGE TRADED FD III FIRS... (FPE) (Cash)",FPE,"FIRST TR EXCHANGE TRADED FD III FIRST T",Cash,0,,0.000,USD,,0,,,,0.64,-0.66,
06/30/2023,"REINVESTMENT FID L/T TREASURY BOND INDEX FUND (FNBGX) (Cash)",FNBGX,"FID L/T TREASURY BOND INDEX FUND",Cash,0,,0.061,USD,10.42,0,,,,-0.64,-1.30,
06/30/2023,"DIVIDEND RECEIVED FID L/T TREASURY BOND INDEX FUND (FNBGX) (Cash)",FNBGX,"FID L/T TREASURY BOND INDEX FUND",Cash,0,,0.000,USD,,0,,,,0.64,-0.66,
06/30/2023,"DIVIDEND RECEIVED FIDELITY GOVERNMENT MONEY MARKET (SPAXX) (Cash)",SPAXX,"FIDELITY GOVERNMENT MONEY MARKET",Cash,0,,0.000,USD,,0,,,,0.01,-1.30,
06/30/2023,"REINVESTMENT FIDELITY CAPITAL & INCOME (FAGIX) (Cash)",FAGIX,"FIDELITY CAPITAL & INCOME",Cash,0,,0.013,USD,9.31,0,,,,-0.12,-1.31,
06/30/2023,"DIVIDEND RECEIVED FIDELITY CAPITAL & INCOME (FAGIX) (Cash)",FAGIX,"FIDELITY CAPITAL & INCOME",Cash,0,,0.000,USD,,0,,,,0.12,-1.19,
06/30/2023,"DIVIDEND RECEIVED ENTRAVISION COMMUNICATIONS CORP (EVC) (Cash)",EVC,"ENTRAVISION COMMUNICATIONS CORP",Cash,0,,0.000,USD,,0,,,,0.56,-1.31,
06/30/2023,"DIVIDEND RECEIVED BROADCOM INC COM (AVGO) (Cash)",AVGO,"BROADCOM INC COM",Cash,0,,0.000,USD,,0,,,,0.42,-1.87,
06/30/2023,"DIVIDEND RECEIVED ACADIAN ASSET MANAGEMENT INC. COM (AAMI) (Cash)",AAMI,"ACADIAN ASSET MANAGEMENT INC. COM",Cash,0,,0.000,USD,,0,,,,0.01,-2.29,
06/30/2023,"DIVIDEND RECEIVED BOOZ ALLEN HAMILTON HLDG CORP CL A (BAH) (Cash)",BAH,"BOOZ ALLEN HAMILTON HLDG CORP CL A",Cash,0,,0.000,USD,,0,,,,0.08,-2.30,
06/30/2023,"YOU BOUGHT TESLA INC COM (TSLA) (Cash)",TSLA,"TESLA INC COM",Cash,0,,0.126,USD,262.49,0,,,,-33.07,-2.38,07/05/2023
06/30/2023,"YOU SOLD FORD MTR CO DEL COM (F) (Cash)",F,"FORD MTR CO DEL COM",Cash,0,,-2,USD,15.15,0,,,,30.3,30.69,07/05/2023
06/29/2023,"DIVIDEND RECEIVED GILEAD SCIENCES INC COM USD0.001 (GILD) (Cash)",GILD,"GILEAD SCIENCES INC COM USD0.001",Cash,0,,0.000,USD,,0,,,,0.38,0.39,
06/27/2023,"YOU BOUGHT VANGUARD SCOTTSDALE FDS VANGUARD SHO... (VCSH) (Cash)",VCSH,"VANGUARD SCOTTSDALE FDS VANGUARD SHORT-",Cash,0,,0.415,USD,75.6,0,,,,-31.37,0.01,06/29/2023
06/27/2023,"YOU SOLD OTIS WORLDWIDE CORP COM (OTIS) (Cash)",OTIS,"OTIS WORLDWIDE CORP COM",Cash,0,,-0.13,USD,87.54,0,,,,11.38,31.38,06/29/2023
06/27/2023,"YOU BOUGHT ACADIAN ASSET MANAGEMENT INC. COM (AAMI) (Cash)",AAMI,"ACADIAN ASSET MANAGEMENT INC. COM",Cash,0,,1,USD,20.28,0,,,,-20.28,20.00,06/29/2023
06/27/2023,"YOU SOLD BOOZ ALLEN HAMILTON HLDG CORP CL A (BAH) (Cash)",BAH,"BOOZ ALLEN HAMILTON HLDG CORP CL A",Cash,0,,-0.161,USD,109.45,0,,,,17.62,40.28,06/29/2023
06/27/2023,"YOU SOLD BRT APARTMENTS CORP COM (BRT) (Cash)",BRT,"BRT APARTMENTS CORP COM",Cash,0,,-0.424,USD,19.63,0,,,,8.32,22.66,06/29/2023
06/27/2023,"YOU SOLD LYONDELLBASELL INDUSTRIES N V COM EU... (LYB) (Cash)",LYB,"LYONDELLBASELL INDUSTRIES N V COM EUR0.",Cash,0,,-0.128,USD,89.79,0,,,,11.49,14.34,06/29/2023
06/26/2023,"MERGER MER PAYOUT #REORCM0051510490000 CHINA PETROLEUM &CHEMICAL CORP ADS E... (16941R108) (Cash)",16941R108,"CHINA PETROLEUM &CHEMICAL CORP ADS EACH",Cash,0,,-0.039,USD,61.54,0,,,,2.4,2.85,
06/23/2023,"FEE CHARGED PETROLEO BRASILEIRO SA PETROBRAS SPO... (PBR) (Cash)",PBR,"PETROLEO BRASILEIRO SA PETROBRAS SPON A",Cash,0,,0.000,USD,,0,,,,-0.01,0.45,
06/23/2023,"DIVIDEND RECEIVED PETROLEO BRASILEIRO SA PETROBRAS SPO... (PBR) (Cash)",PBR,"PETROLEO BRASILEIRO SA PETROBRAS SPON A",Cash,0,,0.000,USD,,0,,,,0.46,0.46,
06/22/2023,"TRANSFERRED TO VS 239-574793-1 CURRENT CONTRIBUTION (Cash)", ,"No Description",Cash,0,,0.000,USD,,0,,,,-1.12,0.00,
06/20/2023,"DIVIDEND RECEIVED DOMINION ENERGY INC COM (D) (Cash)",D,"DOMINION ENERGY INC COM",Cash,0,,0.000,USD,,0,,,,1.11,1.12,
06/15/2023,"DIVIDEND RECEIVED SS&C TECHNOLOGIES HLDGS INC COM (SSNC) (Cash)",SSNC,"SS&C TECHNOLOGIES HLDGS INC COM",Cash,0,,0.000,USD,,0,,,,0.2,0.01,
06/15/2023,"DIVIDEND RECEIVED FIRST AMERICAN FINANCIAL CORP (FAF) (Cash)",FAF,"FIRST AMERICAN FINANCIAL CORP",Cash,0,,0.000,USD,,0,,,,0.87,-0.19,
06/15/2023,"YOU BOUGHT TESLA INC COM (TSLA) (Cash)",TSLA,"TESLA INC COM",Cash,0,,0.089,USD,256.62,0,,,,-22.84,-1.06,06/20/2023
06/15/2023,"YOU SOLD TAITRON COMPONENTS INC (TAIT) (Cash)",TAIT,"TAITRON COMPONENTS INC",Cash,0,,-1,USD,4.11,0,,0.01,,4.1,21.78,06/20/2023
06/15/2023,"YOU SOLD SERVICE CORPORATION INTERNATIONAL CO... (SCI) (Cash)",SCI,"SERVICE CORPORATION INTERNATIONAL COM U",Cash,0,,-0.25,USD,65.3,0,,0.01,,16.32,17.68,06/20/2023
06/13/2023,"DIVIDEND RECEIVED ISHARES MORTGAGE REAL ESTATE ETF (REM) (Cash)",REM,"ISHARES MORTGAGE REAL ESTATE ETF",Cash,0,,0.000,USD,,0,,,,0.97,1.36,
06/13/2023,"REINVESTMENT ISHARES INC MSCI JPN ETF NEW (EWJ) (Cash)",EWJ,"ISHARES INC MSCI JPN ETF NEW",Cash,0,,0.004,USD,62.24,0,,,,-0.23,0.39,
06/13/2023,"DIVIDEND RECEIVED ISHARES INC MSCI JPN ETF NEW (EWJ) (Cash)",EWJ,"ISHARES INC MSCI JPN ETF NEW",Cash,0,,0.000,USD,,0,,,,0.23,0.62,
06/09/2023,"DIVIDEND RECEIVED VULCAN MATERIALS CO (VMC) (Cash)",VMC,"VULCAN MATERIALS CO",Cash,0,,0.000,USD,,0,,,,0.15,0.39,
06/09/2023,"DIVIDEND RECEIVED OTIS WORLDWIDE CORP COM (OTIS) (Cash)",OTIS,"OTIS WORLDWIDE CORP COM",Cash,0,,0.000,USD,,0,,,,0.2,0.24,
06/07/2023,"REINVESTMENT VANECK ETF TR VANECK LONG MUNI ETF (MLN) (Cash)",MLN,"VANECK ETF TR VANECK LONG MUNI ETF",Cash,0,,0.046,USD,17.79,0,,,,-0.81,0.04,
06/07/2023,"REINVESTMENT VANECK ETF TR FALLEN ANGEL HIGH YLD ... (ANGL) (Cash)",ANGL,"VANECK ETF TR FALLEN ANGEL HIGH YLD BD ",Cash,0,,0.032,USD,27.38,0,,,,-0.88,0.85,
06/07/2023,"DIVIDEND RECEIVED VANECK ETF TR FALLEN ANGEL HIGH YLD ... (ANGL) (Cash)",ANGL,"VANECK ETF TR FALLEN ANGEL HIGH YLD BD ",Cash,0,,0.000,USD,,0,,,,0.88,1.73,
06/07/2023,"REINVESTMENT ISHARES TR JP MOR EM MK ETF (EMB) (Cash)",EMB,"ISHARES TR JP MOR EM MK ETF",Cash,0,,0.001,USD,84.97,0,,,,-0.08,0.85,
06/07/2023,"DIVIDEND RECEIVED ISHARES TR JP MOR EM MK ETF (EMB) (Cash)",EMB,"ISHARES TR JP MOR EM MK ETF",Cash,0,,0.000,USD,,0,,,,0.08,0.93,
06/07/2023,"REINVESTMENT FLEXSHARES CREDIT-SCORED US LONG COR... (LKOR) (Cash)",LKOR,"FLEXSHARES CREDIT-SCORED US LONG CORP B",Cash,0,,0.019,USD,42.8,0,,,,-0.82,0.85,
06/07/2023,"DIVIDEND RECEIVED FLEXSHARES CREDIT-SCORED US LONG COR... (LKOR) (Cash)",LKOR,"FLEXSHARES CREDIT-SCORED US LONG CORP B",Cash,0,,0.000,USD,,0,,,,0.82,1.67,
06/07/2023,"DIVIDEND RECEIVED VANECK ETF TR VANECK LONG MUNI ETF (MLN) (Cash)",MLN,"VANECK ETF TR VANECK LONG MUNI ETF",Cash,0,,0.000,USD,,0,,,,0.81,0.85,
06/07/2023,"YOU SOLD OTIS WORLDWIDE CORP COM (OTIS) (Cash)",OTIS,"OTIS WORLDWIDE CORP COM",Cash,0,,-0.309,USD,86.58,0,,0.01,,26.74,0.04,06/09/2023
06/07/2023,"YOU BOUGHT INTERPARFUMS, INC. COMMON STOCK (IPAR) (Cash)",IPAR,"INTERPARFUMS, INC. COMMON STOCK",Cash,0,,0.221,USD,134.35,0,,,,-29.69,-26.70,06/09/2023
06/07/2023,"YOU BOUGHT GILEAD SCIENCES INC COM USD0.001 (GILD) (Cash)",GILD,"GILEAD SCIENCES INC COM USD0.001",Cash,0,,0.079,USD,75.79,0,,,,-5.99,2.99,06/09/2023
06/07/2023,"YOU SOLD AMERICA MOVIL SAB DE CV SPON ADS EAC... (AMX) (Cash)",AMX,"AMERICA MOVIL SAB DE CV SPON ADS EACH R",Cash,0,,-0.277,USD,22.36,0,,0.01,,6.18,8.98,06/09/2023
06/06/2023,"REINVESTMENT VANGUARD SCOTTSDALE FDS VANGUARD SHO... (VCSH) (Cash)",VCSH,"VANGUARD SCOTTSDALE FDS VANGUARD SHORT-",Cash,0,,0.002,USD,75.73,0,,,,-0.14,2.80,
06/06/2023,"DIVIDEND RECEIVED VANGUARD SCOTTSDALE FDS VANGUARD SHO... (VCSH) (Cash)",VCSH,"VANGUARD SCOTTSDALE FDS VANGUARD SHORT-",Cash,0,,0.000,USD,,0,,,,0.14,2.94,
06/06/2023,"DIVIDEND RECEIVED J P MORGAN EXCHANGE TRADED FD INTL B... (JPIB) (Cash)",JPIB,"J P MORGAN EXCHANGE TRADED FD INTL BD O",Cash,0,,0.000,USD,,0,,,,0.81,2.80,
06/06/2023,"DIVIDEND RECEIVED LYONDELLBASELL INDUSTRIES N V COM EU... (LYB) (Cash)",LYB,"LYONDELLBASELL INDUSTRIES N V COM EUR0.",Cash,0,,0.000,USD,,0,,,,0.84,1.99,
06/02/2023,"DIVIDEND RECEIVED BUNGE LIMITED COM STK USD0.01 *EXCHA... (G16962105) (Cash)",G16962105,"BUNGE LIMITED COM STK USD0.01 *EXCHANGE",Cash,0,,0.000,USD,,0,,,,0.35,1.15,
06/01/2023,"DIVIDEND RECEIVED FORD MTR CO DEL COM (F) (Cash)",F,"FORD MTR CO DEL COM",Cash,0,,0.000,USD,,0,,,,0.35,0.80,
06/01/2023,"FOREIGN TAX PAID FORTIS INC COM ISIN #CA3495531079 SE... (FTS) (Cash)",FTS,"FORTIS INC COM ISIN #CA3495531079 SEDOL",Cash,0,,0.000,USD,,0,,,,-0.13,0.45,
06/01/2023,"DIVIDEND RECEIVED FORTIS INC COM ISIN #CA3495531079 SE... (FTS) (Cash)",FTS,"FORTIS INC COM ISIN #CA3495531079 SEDOL",Cash,0,,0.000,USD,,0,,,,0.88,0.58,
06/01/2023,"YOU SOLD SERVICE CORPORATION INTERNATIONAL CO... (SCI) (Cash)",SCI,"SERVICE CORPORATION INTERNATIONAL COM U",Cash,0,,-0.106,USD,63.78,0,,0.01,,6.75,-0.30,06/05/2023
06/01/2023,"YOU BOUGHT QUEST DIAGNOSTICS INC COM USD0.01 (DGX) (Cash)",DGX,"QUEST DIAGNOSTICS INC COM USD0.01",Cash,0,,0.277,USD,132.42,0,,,,-36.68,-7.05,06/05/2023
06/01/2023,"YOU SOLD EX-DIV DATE 06/07/23RECORD DATE 06/08/23PAYABLE DTE 06/13/23 ISHARES INC MSCI JPN ETF NEW (EWJ) (Cash)",EWJ,"ISHARES INC MSCI JPN ETF NEW",Cash,0,,-0.36,USD,60.66,0,,0.01,,21.83,29.63,06/05/2023
06/01/2023,"YOU SOLD FRANCHISE GROUP INC COM *CASH MERGER... (35180X105) (Cash)",35180X105,"FRANCHISE GROUP INC COM *CASH MERGER AT",Cash,0,,-0.082,USD,29.1,0,,0.01,,2.38,7.80,06/05/2023
06/01/2023,"YOU SOLD ENTRAVISION COMMUNICATIONS CORP (EVC) (Cash)",EVC,"ENTRAVISION COMMUNICATIONS CORP",Cash,0,,-1,USD,4.28,0,,0.01,,4.27,5.42,06/05/2023
05/31/2023,"DIVIDEND RECEIVED TAITRON COMPONENTS INC (TAIT) (Cash)",TAIT,"TAITRON COMPONENTS INC",Cash,0,,0.000,USD,,0,,,,1.49,1.15,
05/31/2023,"REINVESTMENT FIRST TR EXCHANGE TRADED FD III FIRS... (FPE) (Cash)",FPE,"FIRST TR EXCHANGE TRADED FD III FIRST T",Cash,0,,0.055,USD,15.75,0,,,,-0.86,-0.34,
05/31/2023,"DIVIDEND RECEIVED FIRST TR EXCHANGE TRADED FD III FIRS... (FPE) (Cash)",FPE,"FIRST TR EXCHANGE TRADED FD III FIRST T",Cash,0,,0.000,USD,,0,,,,0.86,0.52,
05/31/2023,"REINVESTMENT FID L/T TREASURY BOND INDEX FUND (FNBGX) (Cash)",FNBGX,"FID L/T TREASURY BOND INDEX FUND",Cash,0,,0.063,USD,10.45,0,,,,-0.66,-0.34,
05/31/2023,"DIVIDEND RECEIVED FID L/T TREASURY BOND INDEX FUND (FNBGX) (Cash)",FNBGX,"FID L/T TREASURY BOND INDEX FUND",Cash,0,,0.000,USD,,0,,,,0.66,0.32,
05/31/2023,"DIVIDEND RECEIVED FIDELITY GOVERNMENT MONEY MARKET (SPAXX) (Cash)",SPAXX,"FIDELITY GOVERNMENT MONEY MARKET",Cash,0,,0.000,USD,,0,,,,0.01,-0.34,
05/31/2023,"REINVESTMENT FIDELITY CAPITAL & INCOME (FAGIX) (Cash)",FAGIX,"FIDELITY CAPITAL & INCOME",Cash,0,,0.015,USD,9.15,0,,,,-0.14,-0.35,
05/31/2023,"DIVIDEND RECEIVED FIDELITY CAPITAL & INCOME (FAGIX) (Cash)",FAGIX,"FIDELITY CAPITAL & INCOME",Cash,0,,0.000,USD,,0,,,,0.14,-0.21,
05/31/2023,"YOU BOUGHT VALE S.A. SPONS ADS REPR 1 COM NPV (VALE) (Cash)",VALE,"VALE S.A. SPONS ADS REPR 1 COM NPV",Cash,0,,0.397,USD,12.58,0,,,,-4.99,-0.35,06/02/2023
05/31/2023,"YOU SOLD NICE LTD ADR-EACH CNV INTO 1 ORD ILS1 (NICE) (Cash)",NICE,"NICE LTD ADR-EACH CNV INTO 1 ORD ILS1",Cash,0,,-0.078,USD,201.54,0,,0.01,,15.71,4.64,06/02/2023
05/31/2023,"YOU BOUGHT LYONDELLBASELL INDUSTRIES N V COM EU... (LYB) (Cash)",LYB,"LYONDELLBASELL INDUSTRIES N V COM EUR0.",Cash,0,,0.14,USD,85.25,0,,,,-11.94,-11.07,06/02/2023
05/30/2023,"DIVIDEND RECEIVED as of May-26-2023 PETROLEO BRASILEIRO SA PETROBRAS SPO... (PBR) (Cash)",PBR,"PETROLEO BRASILEIRO SA PETROBRAS SPON A",Cash,0,,0.000,USD,,0,,,,0.03,0.87,
05/26/2023,"DIVIDEND RECEIVED NEXSTAR MEDIA GROUP INC COMMON STOCK (NXST) (Cash)",NXST,"NEXSTAR MEDIA GROUP INC COMMON STOCK",Cash,0,,0.000,USD,,0,,,,0.73,0.84,
05/26/2023,"DIVIDEND RECEIVED CITIGROUP INC (C) (Cash)",C,"CITIGROUP INC",Cash,0,,0.000,USD,,0,,,,0.31,0.11,
05/26/2023,"FEE CHARGED PETROLEO BRASILEIRO SA PETROBRAS SPO... (PBR) (Cash)",PBR,"PETROLEO BRASILEIRO SA PETROBRAS SPON A",Cash,0,,0.000,USD,,0,,,,-0.01,-0.20,
05/26/2023,"DIVIDEND RECEIVED PETROLEO BRASILEIRO SA PETROBRAS SPO... (PBR) (Cash)",PBR,"PETROLEO BRASILEIRO SA PETROBRAS SPON A",Cash,0,,0.000,USD,,0,,,,0.66,-0.19,
05/26/2023,"YOU BOUGHT TESLA INC COM (TSLA) (Cash)",TSLA,"TESLA INC COM",Cash,0,,0.1,USD,194.64,0,,,,-19.46,-0.85,05/31/2023
05/26/2023,"YOU SOLD AMERICA MOVIL SAB DE CV SPON ADS EAC... (AMX) (Cash)",AMX,"AMERICA MOVIL SAB DE CV SPON ADS EACH R",Cash,0,,-0.462,USD,22.29,0,,0.01,,10.29,18.61,05/31/2023
05/26/2023,"YOU SOLD ETFS GOLD TR PHYSCL GOLD SHS (SGOL) (Cash)",SGOL,"ETFS GOLD TR PHYSCL GOLD SHS",Cash,0,,-0.445,USD,18.62,0,,0.01,,8.28,8.32,05/31/2023
05/25/2023,"REINVESTMENT HIGHPEAK ENERGY INC COM (HPK) (Cash)",HPK,"HIGHPEAK ENERGY INC COM",Cash,0,,0.006,USD,15.63,0,,,,-0.09,0.04,
05/25/2023,"DIVIDEND RECEIVED HIGHPEAK ENERGY INC COM (HPK) (Cash)",HPK,"HIGHPEAK ENERGY INC COM",Cash,0,,0.000,USD,,0,,,,0.09,0.13,
05/25/2023,"YOU BOUGHT SERVICE CORPORATION INTERNATIONAL CO... (SCI) (Cash)",SCI,"SERVICE CORPORATION INTERNATIONAL COM U",Cash,0,,1,USD,62.89,0,,,,-62.89,0.04,05/30/2023
05/25/2023,"YOU BOUGHT KIMBERLY-CLARK CORP COM (KMB) (Cash)",KMB,"KIMBERLY-CLARK CORP COM",Cash,0,,0.502,USD,137.36,0,,,,-68.95,62.93,05/30/2023
05/25/2023,"YOU SOLD ISHARES TR ISHARES SEMICDTR (SOXX) (Cash)",SOXX,"ISHARES TR ISHARES SEMICDTR",Cash,0,,-0.228,USD,460.83,0,,0.01,,105.06,131.88,05/30/2023
05/25/2023,"YOU BOUGHT GILEAD SCIENCES INC COM USD0.001 (GILD) (Cash)",GILD,"GILEAD SCIENCES INC COM USD0.001",Cash,0,,0.123,USD,77.69,0,,,,-9.56,26.82,05/30/2023
05/25/2023,"YOU BOUGHT ETFS GOLD TR PHYSCL GOLD SHS (SGOL) (Cash)",SGOL,"ETFS GOLD TR PHYSCL GOLD SHS",Cash,0,,2,USD,18.57,0,,,,-37.13,36.38,05/30/2023
05/25/2023,"YOU SOLD ASML HOLDING NV EUR0.09 NY REGISTRY ... (ASML) (Cash)",ASML,"ASML HOLDING NV EUR0.09 NY REGISTRY SHS",Cash,0,,-0.103,USD,710.58,0,,0.01,,73.18,73.51,05/30/2023
05/24/2023,"DIVIDEND RECEIVED CARRIER GLOBAL CORPORATION COM (CARR) (Cash)",CARR,"CARRIER GLOBAL CORPORATION COM",Cash,0,,0.000,USD,,0,,,,0.29,0.33,
05/17/2023,"YOU SOLD TAITRON COMPONENTS INC (TAIT) (Cash)",TAIT,"TAITRON COMPONENTS INC",Cash,0,,-5,USD,3.85,0,,0.01,,19.26,0.04,05/19/2023
05/17/2023,"YOU BOUGHT J P MORGAN EXCHANGE TRADED FD INTL B... (JPIB) (Cash)",JPIB,"J P MORGAN EXCHANGE TRADED FD INTL BD O",Cash,0,,2,USD,47.06,0,,,,-94.12,-19.22,05/19/2023
05/17/2023,"YOU SOLD INGREDION INC COM USD0.01 (INGR) (Cash)",INGR,"INGREDION INC COM USD0.01",Cash,0,,-0.16,USD,109.12,0,,0.01,,17.45,74.90,05/19/2023
05/17/2023,"YOU BOUGHT GILEAD SCIENCES INC COM USD0.001 (GILD) (Cash)",GILD,"GILEAD SCIENCES INC COM USD0.001",Cash,0,,0.077,USD,78.01,0,,,,-6.01,57.45,05/19/2023
05/17/2023,"YOU SOLD FRANCHISE GROUP INC COM *CASH MERGER... (35180X105) (Cash)",35180X105,"FRANCHISE GROUP INC COM *CASH MERGER AT",Cash,0,,-1,USD,29.34,0,,0.01,,29.33,63.46,05/19/2023
05/17/2023,"YOU SOLD FORTIS INC COM ISIN #CA3495531079 SE... (FTS) (Cash)",FTS,"FORTIS INC COM ISIN #CA3495531079 SEDOL",Cash,0,,-0.326,USD,43.6,0,,0.01,,14.2,34.13,05/19/2023
05/17/2023,"YOU SOLD LYONDELLBASELL INDUSTRIES N V COM EU... (LYB) (Cash)",LYB,"LYONDELLBASELL INDUSTRIES N V COM EUR0.",Cash,0,,-0.218,USD,88.59,0,,0.01,,19.3,19.93,05/19/2023
05/12/2023,"DIVIDEND RECEIVED TXNM ENERGY INC COM (TXNM) (Cash)",TXNM,"TXNM ENERGY INC COM",Cash,0,,0.000,USD,,0,,,,0.63,0.63,
05/11/2023,"TRANSFERRED TO VS 239-574793-1 CURRENT CONTRIBUTION (Cash)", ,"No Description",Cash,0,,0.000,USD,,0,,,,-7.65,0.00,
05/10/2023,"FOREIGN TAX PAID ASML HOLDING NV EUR0.09 NY REGISTRY ... (ASML) (Cash)",ASML,"ASML HOLDING NV EUR0.09 NY REGISTRY SHS",Cash,0,,0.000,USD,,0,,,,-0.05,7.65,
05/10/2023,"DIVIDEND RECEIVED ASML HOLDING NV EUR0.09 NY REGISTRY ... (ASML) (Cash)",ASML,"ASML HOLDING NV EUR0.09 NY REGISTRY SHS",Cash,0,,0.000,USD,,0,,,,0.35,7.70,
05/08/2023,"FEE CHARGED ADR FEE P/D 03/20/23 as of Mar-20-2023 NOVARTIS AG SPONSORED ADR (NVS) (Cash)",NVS,"NOVARTIS AG SPONSORED ADR",Cash,0,,0.000,USD,,0,,,,-0.01,7.35,
05/08/2023,"ADJ FOREIGN TAX PAID TAX RCLM PD:03/20/23 as of Mar-20-2023 NOVARTIS AG SPONSORED ADR (NVS) (Cash)",NVS,"NOVARTIS AG SPONSORED ADR",Cash,0,,0.000,USD,,0,,,,0.72,7.36,
05/08/2023,"FOREIGN TAX PAID REVTAXRECLPD03/20/23 as of Mar-20-2023 NOVARTIS AG SPONSORED ADR (NVS) (Cash)",NVS,"NOVARTIS AG SPONSORED ADR",Cash,0,,0.000,USD,,0,,,,-0.91,6.64,
05/08/2023,"ADJUST FEE CHARGED REV ADRFEEPD03/20/23 as of Mar-20-2023 (Cash)",,"No Description",Cash,0,,0.000,USD,,0,,,,0.2,7.55,
05/05/2023,"REINVESTMENT VANECK ETF TR VANECK LONG MUNI ETF (MLN) (Cash)",MLN,"VANECK ETF TR VANECK LONG MUNI ETF",Cash,0,,0.041,USD,17.97,0,,,,-0.74,7.35,
05/05/2023,"REINVESTMENT VANECK ETF TR FALLEN ANGEL HIGH YLD ... (ANGL) (Cash)",ANGL,"VANECK ETF TR FALLEN ANGEL HIGH YLD BD ",Cash,0,,0.027,USD,27.54,0,,,,-0.74,8.09,
05/05/2023,"DIVIDEND RECEIVED VANECK ETF TR FALLEN ANGEL HIGH YLD ... (ANGL) (Cash)",ANGL,"VANECK ETF TR FALLEN ANGEL HIGH YLD BD ",Cash,0,,0.000,USD,,0,,,,0.74,8.83,
05/05/2023,"REINVESTMENT ISHARES TR JP MOR EM MK ETF (EMB) (Cash)",EMB,"ISHARES TR JP MOR EM MK ETF",Cash,0,,0.001,USD,85.56,0,,,,-0.08,8.09,
05/05/2023,"DIVIDEND RECEIVED ISHARES TR JP MOR EM MK ETF (EMB) (Cash)",EMB,"ISHARES TR JP MOR EM MK ETF",Cash,0,,0.000,USD,,0,,,,0.08,8.17,
05/05/2023,"REINVESTMENT FLEXSHARES CREDIT-SCORED US LONG COR... (LKOR) (Cash)",LKOR,"FLEXSHARES CREDIT-SCORED US LONG CORP B",Cash,0,,0.018,USD,43.97,0,,,,-0.77,8.09,
05/05/2023,"DIVIDEND RECEIVED FLEXSHARES CREDIT-SCORED US LONG COR... (LKOR) (Cash)",LKOR,"FLEXSHARES CREDIT-SCORED US LONG CORP B",Cash,0,,0.000,USD,,0,,,,0.77,8.86,
05/05/2023,"DIVIDEND RECEIVED VANECK ETF TR VANECK LONG MUNI ETF (MLN) (Cash)",MLN,"VANECK ETF TR VANECK LONG MUNI ETF",Cash,0,,0.000,USD,,0,,,,0.74,8.09,
05/04/2023,"REINVESTMENT VANGUARD SCOTTSDALE FDS VANGUARD SHO... (VCSH) (Cash)",VCSH,"VANGUARD SCOTTSDALE FDS VANGUARD SHORT-",Cash,0,,0.002,USD,76.38,0,,,,-0.13,7.35,
05/04/2023,"DIVIDEND RECEIVED VANGUARD SCOTTSDALE FDS VANGUARD SHO... (VCSH) (Cash)",VCSH,"VANGUARD SCOTTSDALE FDS VANGUARD SHORT-",Cash,0,,0.000,USD,,0,,,,0.13,7.48,
05/04/2023,"DIVIDEND RECEIVED J P MORGAN EXCHANGE TRADED FD INTL B... (JPIB) (Cash)",JPIB,"J P MORGAN EXCHANGE TRADED FD INTL BD O",Cash,0,,0.000,USD,,0,,,,0.26,7.35,
05/04/2023,"YOU SOLD VULCAN MATERIALS CO (VMC) (Cash)",VMC,"VULCAN MATERIALS CO",Cash,0,,-0.25,USD,191.59,0,,0.01,,47.89,7.09,05/08/2023
05/04/2023,"YOU BOUGHT CARRIER GLOBAL CORPORATION COM (CARR) (Cash)",CARR,"CARRIER GLOBAL CORPORATION COM",Cash,0,,1,USD,40.83,0,,,,-40.83,-40.80,05/08/2023
05/03/2023,"YOU BOUGHT NICE LTD ADR-EACH CNV INTO 1 ORD ILS1 (NICE) (Cash)",NICE,"NICE LTD ADR-EACH CNV INTO 1 ORD ILS1",Cash,0,,0.277,USD,194.93,0,,,,-54,0.03,05/05/2023
05/03/2023,"YOU BOUGHT FIRST TR EXCHANGE TRADED FD III FIRS... (FPE) (Cash)",FPE,"FIRST TR EXCHANGE TRADED FD III FIRST T",Cash,0,,0.884,USD,15.82,0,,,,-13.98,54.03,05/05/2023
05/03/2023,"YOU SOLD FIRST AMERICAN FINANCIAL CORP (FAF) (Cash)",FAF,"FIRST AMERICAN FINANCIAL CORP",Cash,0,,-0.297,USD,58.74,0,,0.01,,17.44,68.01,05/05/2023
05/03/2023,"YOU BOUGHT CARRIER GLOBAL CORPORATION COM (CARR) (Cash)",CARR,"CARRIER GLOBAL CORPORATION COM",Cash,0,,0.165,USD,41.53,0,,,,-6.85,50.57,05/05/2023
05/03/2023,"YOU SOLD ACADIAN ASSET MANAGEMENT INC. COM (AAMI) (Cash)",AAMI,"ACADIAN ASSET MANAGEMENT INC. COM",Cash,0,,-1,USD,22.1,0,,0.01,,22.09,57.42,05/05/2023
05/03/2023,"YOU SOLD BERKSHIRE HATHAWAY INC COM USD0.0033... (BRKB) (Cash)",BRKB,"BERKSHIRE HATHAWAY INC COM USD0.0033 CL",Cash,0,,-0.041,USD,325.34,0,,0.01,,13.33,35.33,05/05/2023
05/03/2023,"YOU SOLD BERKSHIRE HATHAWAY INC COM USD0.0033... (BRKB) (Cash)",BRKB,"BERKSHIRE HATHAWAY INC COM USD0.0033 CL",Cash,0,,-0.058,USD,325.87,0,,0.01,,18.89,22.00,05/05/2023
05/01/2023,"DIVIDEND RECEIVED NATIONAL HEALTHCARE CORP (NHC) (Cash)",NHC,"NATIONAL HEALTHCARE CORP",Cash,0,,0.000,USD,,0,,,,0.69,3.11,
04/28/2023,"REINVESTMENT FIRST TR EXCHANGE TRADED FD III FIRS... (FPE) (Cash)",FPE,"FIRST TR EXCHANGE TRADED FD III FIRST T",Cash,0,,0.031,USD,15.91,0,,,,-0.5,2.42,
04/28/2023,"DIVIDEND RECEIVED FIRST TR EXCHANGE TRADED FD III FIRS... (FPE) (Cash)",FPE,"FIRST TR EXCHANGE TRADED FD III FIRST T",Cash,0,,0.000,USD,,0,,,,0.5,2.92,
04/28/2023,"REINVESTMENT FID L/T TREASURY BOND INDEX FUND (FNBGX) (Cash)",FNBGX,"FID L/T TREASURY BOND INDEX FUND",Cash,0,,0.058,USD,10.78,0,,,,-0.63,2.42,
04/28/2023,"DIVIDEND RECEIVED FID L/T TREASURY BOND INDEX FUND (FNBGX) (Cash)",FNBGX,"FID L/T TREASURY BOND INDEX FUND",Cash,0,,0.000,USD,,0,,,,0.63,3.05,
04/28/2023,"DIVIDEND RECEIVED FIDELITY GOVERNMENT MONEY MARKET (SPAXX) (Cash)",SPAXX,"FIDELITY GOVERNMENT MONEY MARKET",Cash,0,,0.000,USD,,0,,,,0.82,2.42,
04/28/2023,"REINVESTMENT FIDELITY CAPITAL & INCOME (FAGIX) (Cash)",FAGIX,"FIDELITY CAPITAL & INCOME",Cash,0,,0.067,USD,9.27,0,,,,-0.62,1.60,
04/28/2023,"DIVIDEND RECEIVED FIDELITY CAPITAL & INCOME (FAGIX) (Cash)",FAGIX,"FIDELITY CAPITAL & INCOME",Cash,0,,0.000,USD,,0,,,,0.62,2.22,
04/28/2023,"ADJ FOREIGN TAX PAID TAX RCLM PD:03/20/23 as of Mar-20-2023 NOVARTIS AG SPONSORED ADR (NVS) (Cash)",NVS,"NOVARTIS AG SPONSORED ADR",Cash,0,,0.000,USD,,0,,,,0.91,1.60,
04/28/2023,"FEE CHARGED ADR FEE P/D 03/20/23 as of Mar-20-2023 (Cash)",,"No Description",Cash,0,,0.000,USD,,0,,,,-0.2,0.69,
04/28/2023,"Electronic Funds Transfer Paid (Cash)",,"No Description",Cash,0,,0.000,USD,,0,,,,-439,0.89,
04/25/2023,"DIVIDEND RECEIVED INGREDION INC COM USD0.01 (INGR) (Cash)",INGR,"INGREDION INC COM USD0.01",Cash,0,,0.000,USD,,0,,,,0.44,439.89,
04/25/2023,"Electronic Funds Transfer Paid (Cash)",,"No Description",Cash,0,,0.000,USD,,0,,,,-300,439.45,
04/25/2023,"Electronic Funds Transfer Paid (Cash)",,"No Description",Cash,0,,0.000,USD,,0,,,,-850,739.45,
04/24/2023,"DIVIDEND RECEIVED QUEST DIAGNOSTICS INC COM USD0.01 (DGX) (Cash)",DGX,"QUEST DIAGNOSTICS INC COM USD0.01",Cash,0,,0.000,USD,,0,,,,0.49,1589.45,
04/21/2023,"YOU SOLD VANGUARD SCOTTSDALE FDS VANGUARD SHO... (VCSH) (Cash)",VCSH,"VANGUARD SCOTTSDALE FDS VANGUARD SHORT-",Cash,0,,-0.231,USD,76.18,0,,0.01,,17.59,1588.96,04/25/2023
04/21/2023,"YOU SOLD VANGUARD SCOTTSDALE FDS VANGUARD SHO... (VCSH) (Cash)",VCSH,"VANGUARD SCOTTSDALE FDS VANGUARD SHORT-",Cash,0,,-2,USD,76.18,0,,0.01,,152.35,1571.37,04/25/2023
04/21/2023,"YOU SOLD QUEST DIAGNOSTICS INC COM USD0.01 (DGX) (Cash)",DGX,"QUEST DIAGNOSTICS INC COM USD0.01",Cash,0,,-0.548,USD,145.91,0,,0.01,,79.95,1419.02,04/25/2023
04/21/2023,"YOU SOLD NICE LTD ADR-EACH CNV INTO 1 ORD ILS1 (NICE) (Cash)",NICE,"NICE LTD ADR-EACH CNV INTO 1 ORD ILS1",Cash,0,,-0.477,USD,209.5,0,,0.01,,99.92,1339.07,04/25/2023
04/21/2023,"YOU SOLD KIMBERLY-CLARK CORP COM (KMB) (Cash)",KMB,"KIMBERLY-CLARK CORP COM",Cash,0,,-0.709,USD,140.92,0,,0.01,,99.9,1239.15,04/25/2023
04/21/2023,"YOU SOLD ISHARES TR JP MOR EM MK ETF (EMB) (Cash)",EMB,"ISHARES TR JP MOR EM MK ETF",Cash,0,,-0.887,USD,84.77,0,,0.01,,75.18,1139.25,04/25/2023
04/21/2023,"YOU SOLD ISHARES TR JP MOR EM MK ETF (EMB) (Cash)",EMB,"ISHARES TR JP MOR EM MK ETF",Cash,0,,-1,USD,84.77,0,,0.01,,84.76,1064.07,04/25/2023
04/21/2023,"YOU SOLD INTERPARFUMS, INC. COMMON STOCK (IPAR) (Cash)",IPAR,"INTERPARFUMS, INC. COMMON STOCK",Cash,0,,-0.509,USD,156.94,0,,0.01,,79.87,979.31,04/25/2023
04/21/2023,"YOU SOLD GILEAD SCIENCES INC COM USD0.001 (GILD) (Cash)",GILD,"GILEAD SCIENCES INC COM USD0.001",Cash,0,,-0.157,USD,86.4,0,,0.01,,13.55,899.44,04/25/2023
04/21/2023,"YOU SOLD GILEAD SCIENCES INC COM USD0.001 (GILD) (Cash)",GILD,"GILEAD SCIENCES INC COM USD0.001",Cash,0,,-1,USD,86.4,0,,0.01,,86.39,885.89,04/25/2023
04/21/2023,"YOU SOLD FIDELITY CAPITAL & INCOME (FAGIX) (Cash)",FAGIX,"FIDELITY CAPITAL & INCOME",Cash,0,,-16.234,USD,9.24,0,,,,150,799.50,04/24/2023
04/19/2023,"YOU SOLD SERVICE CORPORATION INTERNATIONAL CO... (SCI) (Cash)",SCI,"SERVICE CORPORATION INTERNATIONAL COM U",Cash,0,,-0.416,USD,70.62,0,,0.01,,29.37,649.50,04/21/2023
04/19/2023,"YOU SOLD SERVICE CORPORATION INTERNATIONAL CO... (SCI) (Cash)",SCI,"SERVICE CORPORATION INTERNATIONAL COM U",Cash,0,,-1,USD,70.62,0,,0.01,,70.61,620.13,04/21/2023
04/19/2023,"YOU SOLD PROLOGIS INC. COM (PLD) (Cash)",PLD,"PROLOGIS INC. COM",Cash,0,,-0.804,USD,124.3,0,,0.01,,99.93,549.52,04/21/2023
04/19/2023,"YOU SOLD NOVARTIS AG SPONSORED ADR (NVS) (Cash)",NVS,"NOVARTIS AG SPONSORED ADR",Cash,0,,-0.968,USD,98.14,0,,0.01,,94.99,449.59,04/21/2023
04/19/2023,"YOU SOLD CARRIER GLOBAL CORPORATION COM (CARR) (Cash)",CARR,"CARRIER GLOBAL CORPORATION COM",Cash,0,,-0.79,USD,44.84,0,,0.01,,35.41,354.60,04/21/2023
04/19/2023,"YOU SOLD CARRIER GLOBAL CORPORATION COM (CARR) (Cash)",CARR,"CARRIER GLOBAL CORPORATION COM",Cash,0,,-3,USD,44.84,0,,0.01,,134.52,319.19,04/21/2023
04/19/2023,"YOU SOLD BROADCOM INC COM (AVGO) (Cash)",AVGO,"BROADCOM INC COM",Cash,0,,-0.142,USD,631.77,0,,0.01,,89.7,184.67,04/21/2023
04/19/2023,"YOU SOLD ETFS GOLD TR PHYSCL GOLD SHS (SGOL) (Cash)",SGOL,"ETFS GOLD TR PHYSCL GOLD SHS",Cash,0,,-0.714,USD,19.08,0,,0.01,,13.61,94.97,04/21/2023
04/19/2023,"YOU SOLD ETFS GOLD TR PHYSCL GOLD SHS (SGOL) (Cash)",SGOL,"ETFS GOLD TR PHYSCL GOLD SHS",Cash,0,,-4,USD,19.09,0,,0.01,,76.35,81.36,04/21/2023
04/14/2023,"DIVIDEND RECEIVED FRANCHISE GROUP INC COM *CASH MERGER... (35180X105) (Cash)",35180X105,"FRANCHISE GROUP INC COM *CASH MERGER AT",Cash,0,,0.000,USD,,0,,,,3.73,5.01,
04/13/2023,"DIVIDEND RECEIVED MEDICAL PROPERTIES TRUST INC (MPW) (Cash)",MPW,"MEDICAL PROPERTIES TRUST INC",Cash,0,,0.000,USD,,0,,,,1.28,1.28,
04/13/2023,"TRANSFERRED TO VS 239-574793-1 PRIOR CONTRIBUTION (Cash)", ,"No Description",Cash,0,,0.000,USD,,0,,,,-3.06,0.00,
04/10/2023,"REINVESTMENT VANECK ETF TR VANECK LONG MUNI ETF (MLN) (Cash)",MLN,"VANECK ETF TR VANECK LONG MUNI ETF",Cash,0,,0.048,USD,18.15,0,,,,-0.87,3.06,
04/10/2023,"REINVESTMENT VANECK ETF TR FALLEN ANGEL HIGH YLD ... (ANGL) (Cash)",ANGL,"VANECK ETF TR FALLEN ANGEL HIGH YLD BD ",Cash,0,,0.031,USD,27.75,0,,,,-0.85,3.93,
04/10/2023,"DIVIDEND RECEIVED VANECK ETF TR FALLEN ANGEL HIGH YLD ... (ANGL) (Cash)",ANGL,"VANECK ETF TR FALLEN ANGEL HIGH YLD BD ",Cash,0,,0.000,USD,,0,,,,0.85,4.78,
04/10/2023,"REINVESTMENT as of Apr-07-2023 ISHARES TR JP MOR EM MK ETF (EMB) (Cash)",EMB,"ISHARES TR JP MOR EM MK ETF",Cash,0,,0.009,USD,86.14,0,,,,-0.76,3.93,
04/10/2023,"DIVIDEND RECEIVED as of Apr-07-2023 ISHARES TR JP MOR EM MK ETF (EMB) (Cash)",EMB,"ISHARES TR JP MOR EM MK ETF",Cash,0,,0.000,USD,,0,,,,0.76,4.69,
04/10/2023,"DIVIDEND RECEIVED as of Apr-07-2023 HEARTLAND EXPRESS INC (HTLD) (Cash)",HTLD,"HEARTLAND EXPRESS INC",Cash,0,,0.000,USD,,0,,,,0.02,3.93,
04/10/2023,"REINVESTMENT FLEXSHARES CREDIT-SCORED US LONG COR... (LKOR) (Cash)",LKOR,"FLEXSHARES CREDIT-SCORED US LONG CORP B",Cash,0,,0.018,USD,44.54,0,,,,-0.78,3.91,
04/10/2023,"DIVIDEND RECEIVED FLEXSHARES CREDIT-SCORED US LONG COR... (LKOR) (Cash)",LKOR,"FLEXSHARES CREDIT-SCORED US LONG CORP B",Cash,0,,0.000,USD,,0,,,,0.78,4.69,
04/10/2023,"DIVIDEND RECEIVED VANECK ETF TR VANECK LONG MUNI ETF (MLN) (Cash)",MLN,"VANECK ETF TR VANECK LONG MUNI ETF",Cash,0,,0.000,USD,,0,,,,0.87,3.91,
04/06/2023,"REINVESTMENT VANGUARD SCOTTSDALE FDS VANGUARD SHO... (VCSH) (Cash)",VCSH,"VANGUARD SCOTTSDALE FDS VANGUARD SHORT-",Cash,0,,0.007,USD,76.55,0,,,,-0.56,3.04,
04/06/2023,"DIVIDEND RECEIVED VANGUARD SCOTTSDALE FDS VANGUARD SHO... (VCSH) (Cash)",VCSH,"VANGUARD SCOTTSDALE FDS VANGUARD SHORT-",Cash,0,,0.000,USD,,0,,,,0.56,3.60,
04/06/2023,"DIVIDEND RECEIVED J P MORGAN EXCHANGE TRADED FD INTL B... (JPIB) (Cash)",JPIB,"J P MORGAN EXCHANGE TRADED FD INTL BD O",Cash,0,,0.000,USD,,0,,,,0.1,3.04,
04/05/2023,"DIVIDEND RECEIVED FIDELITY DIVIDEND GROWTH (FDGFX) (Cash)",FDGFX,"FIDELITY DIVIDEND GROWTH",Cash,0,,0.000,USD,,0,,,,0.04,2.94,
04/04/2023,"DIVIDEND RECEIVED KIMBERLY-CLARK CORP COM (KMB) (Cash)",KMB,"KIMBERLY-CLARK CORP COM",Cash,0,,0.000,USD,,0,,,,1.09,2.90,
04/04/2023,"DIVIDEND RECEIVED BRT APARTMENTS CORP COM (BRT) (Cash)",BRT,"BRT APARTMENTS CORP COM",Cash,0,,0.000,USD,,0,,,,1.8,1.81,
03/31/2023,"DIVIDEND RECEIVED SERVICE CORPORATION INTERNATIONAL CO... (SCI) (Cash)",SCI,"SERVICE CORPORATION INTERNATIONAL COM U",Cash,0,,0.000,USD,,0,,,,0.48,0.01,
03/31/2023,"DIVIDEND RECEIVED PROLOGIS INC. COM (PLD) (Cash)",PLD,"PROLOGIS INC. COM",Cash,0,,0.000,USD,,0,,,,0.9,-0.47,
03/31/2023,"DIVIDEND RECEIVED INTERPARFUMS, INC. COMMON STOCK (IPAR) (Cash)",IPAR,"INTERPARFUMS, INC. COMMON STOCK",Cash,0,,0.000,USD,,0,,,,0.5,-1.37,
03/31/2023,"DIVIDEND RECEIVED HUNTSMAN CORP (HUN) (Cash)",HUN,"HUNTSMAN CORP",Cash,0,,0.000,USD,,0,,,,0.56,-1.87,
03/31/2023,"REINVESTMENT FIRST TR EXCHANGE TRADED FD III FIRS... (FPE) (Cash)",FPE,"FIRST TR EXCHANGE TRADED FD III FIRST T",Cash,0,,0.046,USD,15.59,0,,,,-0.72,-2.43,
03/31/2023,"DIVIDEND RECEIVED FIRST TR EXCHANGE TRADED FD III FIRS... (FPE) (Cash)",FPE,"FIRST TR EXCHANGE TRADED FD III FIRST T",Cash,0,,0.000,USD,,0,,,,0.72,-1.71,
03/31/2023,"REINVESTMENT FID L/T TREASURY BOND INDEX FUND (FNBGX) (Cash)",FNBGX,"FID L/T TREASURY BOND INDEX FUND",Cash,0,,0.062,USD,10.75,0,,,,-0.67,-2.43,
03/31/2023,"DIVIDEND RECEIVED FID L/T TREASURY BOND INDEX FUND (FNBGX) (Cash)",FNBGX,"FID L/T TREASURY BOND INDEX FUND",Cash,0,,0.000,USD,,0,,,,0.67,-1.76,
03/31/2023,"DIVIDEND RECEIVED FIDELITY GOVERNMENT MONEY MARKET (SPAXX) (Cash)",SPAXX,"FIDELITY GOVERNMENT MONEY MARKET",Cash,0,,0.000,USD,,0,,,,0.01,-2.43,
03/31/2023,"REINVESTMENT FIDELITY CAPITAL & INCOME (FAGIX) (Cash)",FAGIX,"FIDELITY CAPITAL & INCOME",Cash,0,,0.089,USD,9.24,0,,,,-0.82,-2.44,
03/31/2023,"DIVIDEND RECEIVED FIDELITY CAPITAL & INCOME (FAGIX) (Cash)",FAGIX,"FIDELITY CAPITAL & INCOME",Cash,0,,0.000,USD,,0,,,,0.82,-1.62,
03/31/2023,"DIVIDEND RECEIVED ENTRAVISION COMMUNICATIONS CORP (EVC) (Cash)",EVC,"ENTRAVISION COMMUNICATIONS CORP",Cash,0,,0.000,USD,,0,,,,0.71,-2.44,
03/31/2023,"DIVIDEND RECEIVED BROADCOM INC COM (AVGO) (Cash)",AVGO,"BROADCOM INC COM",Cash,0,,0.000,USD,,0,,,,1.08,-3.15,
03/31/2023,"DIVIDEND RECEIVED ACADIAN ASSET MANAGEMENT INC. COM (AAMI) (Cash)",AAMI,"ACADIAN ASSET MANAGEMENT INC. COM",Cash,0,,0.000,USD,,0,,,,0.02,-4.23,
03/31/2023,"YOU BOUGHT TAITRON COMPONENTS INC (TAIT) (Cash)",TAIT,"TAITRON COMPONENTS INC",Cash,0,,1,USD,3.58,0,,,,-3.58,-4.25,04/04/2023
03/31/2023,"YOU BOUGHT TXNM ENERGY INC COM (TXNM) (Cash)",TXNM,"TXNM ENERGY INC COM",Cash,0,,0.716,USD,48.78,0,,,,-34.93,-0.67,04/04/2023
03/31/2023,"YOU SOLD ISHARES TR ISHARES SEMICDTR (SOXX) (Cash)",SOXX,"ISHARES TR ISHARES SEMICDTR",Cash,0,,-0.019,USD,444.37,0,,0.01,,8.43,34.26,04/04/2023
03/31/2023,"YOU SOLD INTERPARFUMS, INC. COMMON STOCK (IPAR) (Cash)",IPAR,"INTERPARFUMS, INC. COMMON STOCK",Cash,0,,-0.076,USD,142.89,0,,0.01,,10.85,25.83,04/04/2023
03/31/2023,"YOU SOLD INGREDION INC COM USD0.01 (INGR) (Cash)",INGR,"INGREDION INC COM USD0.01",Cash,0,,-0.059,USD,102.04,0,,0.01,,6.01,14.98,04/04/2023
03/31/2023,"YOU SOLD ENTRAVISION COMMUNICATIONS CORP (EVC) (Cash)",EVC,"ENTRAVISION COMMUNICATIONS CORP",Cash,0,,-2,USD,5.97,0,,0.01,,11.93,8.97,04/04/2023
03/31/2023,"YOU BOUGHT BRT APARTMENTS CORP COM (BRT) (Cash)",BRT,"BRT APARTMENTS CORP COM",Cash,0,,0.204,USD,19.55,0,,,,-3.99,-2.96,04/04/2023
03/30/2023,"DIVIDEND RECEIVED GILEAD SCIENCES INC COM USD0.001 (GILD) (Cash)",GILD,"GILEAD SCIENCES INC COM USD0.001",Cash,0,,0.000,USD,,0,,,,1.03,1.03,
03/30/2023,"TRANSFERRED TO VS 239-574793-1 PRIOR CONTRIBUTION (Cash)", ,"No Description",Cash,0,,0.000,USD,,0,,,,-1.4,0.00,
03/29/2023,"DIVIDEND RECEIVED ISHARES MORTGAGE REAL ESTATE ETF (REM) (Cash)",REM,"ISHARES MORTGAGE REAL ESTATE ETF",Cash,0,,0.000,USD,,0,,,,0.26,1.40,
03/29/2023,"REINVESTMENT ISHARES TR ISHARES SEMICDTR (SOXX) (Cash)",SOXX,"ISHARES TR ISHARES SEMICDTR",Cash,0,,0.001,USD,427.47,0,,,,-0.26,1.14,
03/29/2023,"DIVIDEND RECEIVED ISHARES TR ISHARES SEMICDTR (SOXX) (Cash)",SOXX,"ISHARES TR ISHARES SEMICDTR",Cash,0,,0.000,USD,,0,,,,0.26,1.40,
03/29/2023,"FOREIGN TAX PAID VALE S.A. SPONS ADS REPR 1 COM NPV (VALE) (Cash)",VALE,"VALE S.A. SPONS ADS REPR 1 COM NPV",Cash,0,,0.000,USD,,0,,,,-0.02,1.14,
03/29/2023,"DIVIDEND RECEIVED VALE S.A. SPONS ADS REPR 1 COM NPV (VALE) (Cash)",VALE,"VALE S.A. SPONS ADS REPR 1 COM NPV",Cash,0,,0.000,USD,,0,,,,0.15,1.16,
03/29/2023,"DIVIDEND RECEIVED VALE S.A. SPONS ADS REPR 1 COM NPV (VALE) (Cash)",VALE,"VALE S.A. SPONS ADS REPR 1 COM NPV",Cash,0,,0.000,USD,,0,,,,0.95,1.01,
03/27/2023,"YOU BOUGHT BOOZ ALLEN HAMILTON HLDG CORP CL A (BAH) (Cash)",BAH,"BOOZ ALLEN HAMILTON HLDG CORP CL A",Cash,0,,0.161,USD,90.98,0,,,,-14.65,0.06,03/29/2023
03/27/2023,"YOU SOLD CNH INDUSTRIAL NV COM EUR0.01 (CNH) (Cash)",CNH,"CNH INDUSTRIAL NV COM EUR0.01",Cash,0,,-1,USD,14.74,0,,0.01,,14.73,14.71,03/29/2023
03/22/2023,"ADJUSTMENT MERGER FEE #REORFM0051485490000 AMERICA MOVIL ADR REP 20 SR B ORD *E... (02364W105) (Cash)",02364W105,"AMERICA MOVIL ADR REP 20 SR B ORD *EXCH",Cash,0,,0.000,USD,,0,,,,-0.28,-0.02,
03/22/2023,"YOU BOUGHT PROLOGIS INC. COM (PLD) (Cash)",PLD,"PROLOGIS INC. COM",Cash,0,,0.051,USD,116.44,0,,,,-5.94,0.26,03/24/2023
03/22/2023,"YOU SOLD EX-DIV DATE 03/23/23RECORD DATE 03/24/23PAYABLE DTE 03/29/23 ISHARES TR ISHARES SEMICDTR (SOXX) (Cash)",SOXX,"ISHARES TR ISHARES SEMICDTR",Cash,0,,-0.051,USD,441.98,0,,0.01,,22.53,6.20,03/24/2023
03/22/2023,"YOU BOUGHT BERKSHIRE HATHAWAY INC COM USD0.0033... (BRKB) (Cash)",BRKB,"BERKSHIRE HATHAWAY INC COM USD0.0033 CL",Cash,0,,0.041,USD,303.75,0,,,,-12.45,-16.33,03/24/2023
03/22/2023,"YOU BOUGHT BRT APARTMENTS CORP COM (BRT) (Cash)",BRT,"BRT APARTMENTS CORP COM",Cash,0,,0.424,USD,18.86,0,,,,-8,-3.88,03/24/2023
03/20/2023,"DIVIDEND RECEIVED VULCAN MATERIALS CO (VMC) (Cash)",VMC,"VULCAN MATERIALS CO",Cash,0,,0.000,USD,,0,,,,0.26,4.12,
03/20/2023,"DIVIDEND RECEIVED DOMINION ENERGY INC COM (D) (Cash)",D,"DOMINION ENERGY INC COM",Cash,0,,0.000,USD,,0,,,,1.11,3.86,
03/20/2023,"FOREIGN TAX PAID NOVARTIS AG SPONSORED ADR (NVS) (Cash)",NVS,"NOVARTIS AG SPONSORED ADR",Cash,0,,0.000,USD,,0,,,,-1.48,2.75,
03/20/2023,"DIVIDEND RECEIVED NOVARTIS AG SPONSORED ADR (NVS) (Cash)",NVS,"NOVARTIS AG SPONSORED ADR",Cash,0,,0.000,USD,,0,,,,4.23,4.23,
03/16/2023,"MERGER MER FROM 02364W105#REOR M0051485490001 AMERICA MOVIL SAB DE CV SPON ADS EAC... (AMX) (Cash)",AMX,"AMERICA MOVIL SAB DE CV SPON ADS EACH R",Shares,0,,2.844,USD,,0,,,,58.84,0.00,
03/16/2023,"MERGER MER PAYOUT #REOR M0051485490000 AMERICA MOVIL ADR REP 20 SR B ORD *E... (02364W105) (Cash)",02364W105,"AMERICA MOVIL ADR REP 20 SR B ORD *EXCH",Shares,0,,-2.844,USD,,0,,,,-59.32,0.00,
03/16/2023,"TRANSFERRED TO VS Z21-438083-1 (Cash)", ,"No Description",Cash,0,,0.000,USD,,0,,,,-31,0.00,
03/16/2023,"TRANSFERRED TO VS Z09-658794-1 (Cash)", ,"No Description",Cash,0,,0.000,USD,,0,,,,-31,31.00,
03/16/2023,"TRANSFERRED TO VS 239-574793-1 PRIOR CONTRIBUTION (Cash)", ,"No Description",Cash,0,,0.000,USD,,0,,,,-101.62,62.00,
03/16/2023,"DIRECT DEPOSIT COM2 TREAS 3 FED SAL (Cash)", ,"No Description",Cash,0,,0.000,USD,,0,,,,160,163.62,
03/15/2023,"DIVIDEND RECEIVED SS&C TECHNOLOGIES HLDGS INC COM (SSNC) (Cash)",SSNC,"SS&C TECHNOLOGIES HLDGS INC COM",Cash,0,,0.000,USD,,0,,,,0.2,3.62,
03/15/2023,"DIVIDEND RECEIVED FIRST AMERICAN FINANCIAL CORP (FAF) (Cash)",FAF,"FIRST AMERICAN FINANCIAL CORP",Cash,0,,0.000,USD,,0,,,,1.02,3.42,
03/14/2023,"YOU BOUGHT PROSPECTUS UNDER SEPARATE COVER EXCHANGE FIDELITY DIVIDEND GROWTH (FDGFX) (Cash)",FDGFX,"FIDELITY DIVIDEND GROWTH",Cash,0,,0.419,USD,28.64,0,,,,-12,2.40,03/14/2023
03/14/2023,"YOU BOUGHT PROSPECTUS UNDER SEPARATE COVER EXCHANGE FIDELITY DIVIDEND GROWTH (FDGFX) (Cash)",FDGFX,"FIDELITY DIVIDEND GROWTH",Cash,0,,0.279,USD,28.64,0,,,,-8,14.40,03/14/2023
03/14/2023,"YOU SOLD EXCHANGE FID L/T TREASURY BOND INDEX FUND (FNBGX) (Cash)",FNBGX,"FID L/T TREASURY BOND INDEX FUND",Cash,0,,-1.136,USD,10.56,0,,,,12,22.40,03/14/2023
03/14/2023,"YOU SOLD EXCHANGE FIDELITY CAPITAL & INCOME (FAGIX) (Cash)",FAGIX,"FIDELITY CAPITAL & INCOME",Cash,0,,-0.88,USD,9.09,0,,,,8,10.40,03/14/2023
03/13/2023,"DIVIDEND RECEIVED LYONDELLBASELL INDUSTRIES N V COM EU... (LYB) (Cash)",LYB,"LYONDELLBASELL INDUSTRIES N V COM EUR0.",Cash,0,,0.000,USD,,0,,,,1.06,2.40,
03/10/2023,"DIVIDEND RECEIVED OTIS WORLDWIDE CORP COM (OTIS) (Cash)",OTIS,"OTIS WORLDWIDE CORP COM",Cash,0,,0.000,USD,,0,,,,0.17,1.34,
03/07/2023,"REINVESTMENT VANECK ETF TR VANECK LONG MUNI ETF (MLN) (Cash)",MLN,"VANECK ETF TR VANECK LONG MUNI ETF",Cash,0,,0.037,USD,17.39,0,,,,-0.65,1.17,
03/07/2023,"REINVESTMENT VANECK ETF TR FALLEN ANGEL HIGH YLD ... (ANGL) (Cash)",ANGL,"VANECK ETF TR FALLEN ANGEL HIGH YLD BD ",Cash,0,,0.025,USD,27.48,0,,,,-0.68,1.82,
03/07/2023,"DIVIDEND RECEIVED VANECK ETF TR FALLEN ANGEL HIGH YLD ... (ANGL) (Cash)",ANGL,"VANECK ETF TR FALLEN ANGEL HIGH YLD BD ",Cash,0,,0.000,USD,,0,,,,0.68,2.50,
03/07/2023,"REINVESTMENT ISHARES TR JP MOR EM MK ETF (EMB) (Cash)",EMB,"ISHARES TR JP MOR EM MK ETF",Cash,0,,0.009,USD,84.85,0,,,,-0.8,1.82,
03/07/2023,"DIVIDEND RECEIVED ISHARES TR JP MOR EM MK ETF (EMB) (Cash)",EMB,"ISHARES TR JP MOR EM MK ETF",Cash,0,,0.000,USD,,0,,,,0.8,2.62,
03/07/2023,"DIVIDEND RECEIVED FLEXSHARES CREDIT-SCORED US LONG COR... (LKOR) (Cash)",LKOR,"FLEXSHARES CREDIT-SCORED US LONG CORP B",Cash,0,,0.000,USD,,0,,,,0.69,1.82,
03/07/2023,"DIVIDEND RECEIVED VANECK ETF TR VANECK LONG MUNI ETF (MLN) (Cash)",MLN,"VANECK ETF TR VANECK LONG MUNI ETF",Cash,0,,0.000,USD,,0,,,,0.65,1.13,
03/06/2023,"REINVESTMENT VANGUARD SCOTTSDALE FDS VANGUARD SHO... (VCSH) (Cash)",VCSH,"VANGUARD SCOTTSDALE FDS VANGUARD SHORT-",Cash,0,,0.006,USD,75.07,0,,,,-0.48,0.48,
03/06/2023,"DIVIDEND RECEIVED VANGUARD SCOTTSDALE FDS VANGUARD SHO... (VCSH) (Cash)",VCSH,"VANGUARD SCOTTSDALE FDS VANGUARD SHORT-",Cash,0,,0.000,USD,,0,,,,0.48,0.96,
03/06/2023,"DIVIDEND RECEIVED J P MORGAN EXCHANGE TRADED FD INTL B... (JPIB) (Cash)",JPIB,"J P MORGAN EXCHANGE TRADED FD INTL BD O",Cash,0,,0.000,USD,,0,,,,0.23,0.48,
03/03/2023,"FEE CHARGED as of Feb-09-2023 TRANSPORTADORA DE GAS DEL SUR S.A SP... (TGS) (Cash)",TGS,"TRANSPORTADORA DE GAS DEL SUR S.A SPONS",Cash,0,,0.000,USD,,0,,,,-0.1,0.25,
03/02/2023,"DIVIDEND RECEIVED BUNGE LIMITED COM STK USD0.01 *EXCHA... (G16962105) (Cash)",G16962105,"BUNGE LIMITED COM STK USD0.01 *EXCHANGE",Cash,0,,0.000,USD,,0,,,,0.35,0.35,
03/02/2023,"TRANSFERRED TO VS Z21-438083-1 (Cash)", ,"No Description",Cash,0,,0.000,USD,,0,,,,-31,0.00,
03/02/2023,"TRANSFERRED TO VS Z09-658794-1 (Cash)", ,"No Description",Cash,0,,0.000,USD,,0,,,,-31,31.00,
03/02/2023,"TRANSFERRED TO VS 239-574793-1 PRIOR CONTRIBUTION (Cash)", ,"No Description",Cash,0,,0.000,USD,,0,,,,-103.5,62.00,
03/02/2023,"DIRECT DEPOSIT COM2 TREAS 3 FED SAL (Cash)", ,"No Description",Cash,0,,0.000,USD,,0,,,,160,165.50,
03/01/2023,"DIVIDEND RECEIVED FORD MTR CO DEL COM (F) (Cash)",F,"FORD MTR CO DEL COM",Cash,0,,0.000,USD,,0,,,,0.35,5.50,
03/01/2023,"DIVIDEND RECEIVED FORD MTR CO DEL COM (F) (Cash)",F,"FORD MTR CO DEL COM",Cash,0,,0.000,USD,,0,,,,1.54,5.15,
03/01/2023,"FOREIGN TAX PAID FORTIS INC COM ISIN #CA3495531079 SE... (FTS) (Cash)",FTS,"FORTIS INC COM ISIN #CA3495531079 SEDOL",Cash,0,,0.000,USD,,0,,,,-0.13,3.61,
03/01/2023,"DIVIDEND RECEIVED FORTIS INC COM ISIN #CA3495531079 SE... (FTS) (Cash)",FTS,"FORTIS INC COM ISIN #CA3495531079 SEDOL",Cash,0,,0.000,USD,,0,,,,0.87,3.74,
02/28/2023,"DIVIDEND RECEIVED TAITRON COMPONENTS INC (TAIT) (Cash)",TAIT,"TAITRON COMPONENTS INC",Cash,0,,0.000,USD,,0,,,,1.44,2.87,
02/28/2023,"REINVESTMENT FIRST TR EXCHANGE TRADED FD III FIRS... (FPE) (Cash)",FPE,"FIRST TR EXCHANGE TRADED FD III FIRST T",Cash,0,,0.038,USD,17.57,0,,,,-0.66,1.43,
02/28/2023,"DIVIDEND RECEIVED FIRST TR EXCHANGE TRADED FD III FIRS... (FPE) (Cash)",FPE,"FIRST TR EXCHANGE TRADED FD III FIRST T",Cash,0,,0.000,USD,,0,,,,0.66,2.09,
02/28/2023,"REINVESTMENT FID L/T TREASURY BOND INDEX FUND (FNBGX) (Cash)",FNBGX,"FID L/T TREASURY BOND INDEX FUND",Cash,0,,0.059,USD,10.29,0,,,,-0.61,1.43,
02/28/2023,"DIVIDEND RECEIVED FID L/T TREASURY BOND INDEX FUND (FNBGX) (Cash)",FNBGX,"FID L/T TREASURY BOND INDEX FUND",Cash,0,,0.000,USD,,0,,,,0.61,2.04,
02/28/2023,"REINVESTMENT FIDELITY CAPITAL & INCOME (FAGIX) (Cash)",FAGIX,"FIDELITY CAPITAL & INCOME",Cash,0,,0.08,USD,9.2,0,,,,-0.74,1.43,
02/28/2023,"DIVIDEND RECEIVED FIDELITY CAPITAL & INCOME (FAGIX) (Cash)",FAGIX,"FIDELITY CAPITAL & INCOME",Cash,0,,0.000,USD,,0,,,,0.74,2.17,
02/24/2023,"DIVIDEND RECEIVED NEXSTAR MEDIA GROUP INC COMMON STOCK (NXST) (Cash)",NXST,"NEXSTAR MEDIA GROUP INC COMMON STOCK",Cash,0,,0.000,USD,,0,,,,0.73,1.43,
02/24/2023,"REINVESTMENT HIGHPEAK ENERGY INC COM (HPK) (Cash)",HPK,"HIGHPEAK ENERGY INC COM",Cash,0,,0.004,USD,26.52,0,,,,-0.1,0.70,
02/24/2023,"DIVIDEND RECEIVED HIGHPEAK ENERGY INC COM (HPK) (Cash)",HPK,"HIGHPEAK ENERGY INC COM",Cash,0,,0.000,USD,,0,,,,0.1,0.80,
02/24/2023,"DIVIDEND RECEIVED CITIGROUP INC (C) (Cash)",C,"CITIGROUP INC",Cash,0,,0.000,USD,,0,,,,0.33,0.70,
02/17/2023,"DIVIDEND RECEIVED TXNM ENERGY INC COM (TXNM) (Cash)",TXNM,"TXNM ENERGY INC COM",Cash,0,,0.000,USD,,0,,,,0.37,0.37,
02/16/2023,"TRANSFERRED TO VS Z21-438083-1 (Cash)", ,"No Description",Cash,0,,0.000,USD,,0,,,,-30,0.00,
02/16/2023,"TRANSFERRED TO VS Z09-658794-1 (Cash)", ,"No Description",Cash,0,,0.000,USD,,0,,,,-30,30.00,
02/16/2023,"TRANSFERRED TO VS 239-574793-1 PRIOR CONTRIBUTION (Cash)", ,"No Description",Cash,0,,0.000,USD,,0,,,,-100.25,60.00,
02/16/2023,"DIRECT DEPOSIT COM2 TREAS 3 FED SAL (Cash)", ,"No Description",Cash,0,,0.000,USD,,0,,,,160,160.25,
02/15/2023,"FOREIGN TAX PAID ASML HOLDING NV EUR0.09 NY REGISTRY ... (ASML) (Cash)",ASML,"ASML HOLDING NV EUR0.09 NY REGISTRY SHS",Cash,0,,0.000,USD,,0,,,,-0.04,0.25,
02/15/2023,"DIVIDEND RECEIVED ASML HOLDING NV EUR0.09 NY REGISTRY ... (ASML) (Cash)",ASML,"ASML HOLDING NV EUR0.09 NY REGISTRY SHS",Cash,0,,0.000,USD,,0,,,,0.28,0.29,
02/10/2023,"DIVIDEND RECEIVED CARRIER GLOBAL CORPORATION COM (CARR) (Cash)",CARR,"CARRIER GLOBAL CORPORATION COM",Cash,0,,0.000,USD,,0,,,,0.95,0.01,
02/10/2023,"YOU SOLD HUNTSMAN CORP (HUN) (Cash)",HUN,"HUNTSMAN CORP",Cash,0,,-0.201,USD,31.14,0,,0.01,,6.25,-0.94,02/14/2023
02/10/2023,"YOU SOLD HIGHPEAK ENERGY INC COM (HPK) (Cash)",HPK,"HIGHPEAK ENERGY INC COM",Cash,0,,-0.304,USD,28.03,0,,0.01,,8.51,-7.19,02/14/2023
02/10/2023,"YOU BOUGHT FIRST AMERICAN FINANCIAL CORP (FAF) (Cash)",FAF,"FIRST AMERICAN FINANCIAL CORP",Cash,0,,0.116,USD,60.13,0,,,,-6.98,-15.70,02/14/2023
02/10/2023,"YOU SOLD CARRIER GLOBAL CORPORATION COM (CARR) (Cash)",CARR,"CARRIER GLOBAL CORPORATION COM",Cash,0,,-0.156,USD,44.64,0,,0.01,,6.95,-8.72,02/14/2023
02/10/2023,"YOU BOUGHT AMERICA MOVIL ADR REP 20 SR B ORD *E... (02364W105) (Cash)",02364W105,"AMERICA MOVIL ADR REP 20 SR B ORD *EXCH",Cash,0,,0.409,USD,19.55,0,,,,-7.99,-15.67,02/14/2023
02/10/2023,"YOU BOUGHT ABRDN SILVER ETF TR ABRDN PHYSICAL S... (SIVR) (Cash)",SIVR,"ABRDN SILVER ETF TR ABRDN PHYSICAL SILV",Cash,0,,0.365,USD,21.13,0,,,,-7.71,-7.68,02/14/2023
02/08/2023,"YOU BOUGHT SERVICE CORPORATION INTERNATIONAL CO... (SCI) (Cash)",SCI,"SERVICE CORPORATION INTERNATIONAL COM U",Cash,0,,0.268,USD,70.67,0,,,,-18.94,0.03,02/10/2023
02/08/2023,"YOU SOLD SS&C TECHNOLOGIES HLDGS INC COM (SSNC) (Cash)",SSNC,"SS&C TECHNOLOGIES HLDGS INC COM",Cash,0,,-0.4,USD,63.02,0,,0.01,,25.2,18.97,02/10/2023
02/08/2023,"YOU SOLD NICE LTD ADR-EACH CNV INTO 1 ORD ILS1 (NICE) (Cash)",NICE,"NICE LTD ADR-EACH CNV INTO 1 ORD ILS1",Cash,0,,-0.049,USD,224.06,0,,0.01,,10.97,-6.23,02/10/2023
02/08/2023,"YOU BOUGHT NEXSTAR MEDIA GROUP INC COMMON STOCK (NXST) (Cash)",NXST,"NEXSTAR MEDIA GROUP INC COMMON STOCK",Cash,0,,0.099,USD,201.45,0,,,,-19.94,-17.20,02/10/2023
02/08/2023,"YOU SOLD MEDICAL PROPERTIES TRUST INC (MPW) (Cash)",MPW,"MEDICAL PROPERTIES TRUST INC",Cash,0,,-0.7,USD,12.48,0,,0.01,,8.73,2.74,02/10/2023
02/08/2023,"YOU BOUGHT FORTIS INC COM ISIN #CA3495531079 SE... (FTS) (Cash)",FTS,"FORTIS INC COM ISIN #CA3495531079 SEDOL",Cash,0,,0.074,USD,40.29,0,,,,-2.98,-5.99,02/10/2023
02/08/2023,"YOU BOUGHT DOMINION ENERGY INC COM (D) (Cash)",D,"DOMINION ENERGY INC COM",Cash,0,,0.102,USD,58.71,0,,,,-5.99,-3.01,02/10/2023
02/08/2023,"YOU SOLD CITIGROUP INC (C) (Cash)",C,"CITIGROUP INC",Cash,0,,-0.041,USD,51.46,0,,0.01,,2.1,2.98,02/10/2023
02/07/2023,"REINVESTMENT VANECK ETF TR VANECK LONG MUNI ETF (MLN) (Cash)",MLN,"VANECK ETF TR VANECK LONG MUNI ETF",Cash,0,,0.043,USD,18.17,0,,,,-0.78,0.88,
02/07/2023,"REINVESTMENT VANECK ETF TR FALLEN ANGEL HIGH YLD ... (ANGL) (Cash)",ANGL,"VANECK ETF TR FALLEN ANGEL HIGH YLD BD ",Cash,0,,0.029,USD,28.13,0,,,,-0.82,1.66,
02/07/2023,"DIVIDEND RECEIVED VANECK ETF TR FALLEN ANGEL HIGH YLD ... (ANGL) (Cash)",ANGL,"VANECK ETF TR FALLEN ANGEL HIGH YLD BD ",Cash,0,,0.000,USD,,0,,,,0.82,2.48,
02/07/2023,"REINVESTMENT ISHARES TR JP MOR EM MK ETF (EMB) (Cash)",EMB,"ISHARES TR JP MOR EM MK ETF",Cash,0,,0.007,USD,88.58,0,,,,-0.65,1.66,
02/07/2023,"DIVIDEND RECEIVED ISHARES TR JP MOR EM MK ETF (EMB) (Cash)",EMB,"ISHARES TR JP MOR EM MK ETF",Cash,0,,0.000,USD,,0,,,,0.65,2.31,
02/07/2023,"DIVIDEND RECEIVED FLEXSHARES CREDIT-SCORED US LONG COR... (LKOR) (Cash)",LKOR,"FLEXSHARES CREDIT-SCORED US LONG CORP B",Cash,0,,0.000,USD,,0,,,,0.77,1.66,
02/07/2023,"DIVIDEND RECEIVED VANECK ETF TR VANECK LONG MUNI ETF (MLN) (Cash)",MLN,"VANECK ETF TR VANECK LONG MUNI ETF",Cash,0,,0.000,USD,,0,,,,0.78,0.89,
02/06/2023,"REINVESTMENT VANGUARD SCOTTSDALE FDS VANGUARD SHO... (VCSH) (Cash)",VCSH,"VANGUARD SCOTTSDALE FDS VANGUARD SHORT-",Cash,0,,0.007,USD,76.26,0,,,,-0.51,0.11,
02/06/2023,"DIVIDEND RECEIVED VANGUARD SCOTTSDALE FDS VANGUARD SHO... (VCSH) (Cash)",VCSH,"VANGUARD SCOTTSDALE FDS VANGUARD SHORT-",Cash,0,,0.000,USD,,0,,,,0.51,0.62,
02/06/2023,"DIVIDEND RECEIVED J P MORGAN EXCHANGE TRADED FD INTL B... (JPIB) (Cash)",JPIB,"J P MORGAN EXCHANGE TRADED FD INTL BD O",Cash,0,,0.000,USD,,0,,,,0.1,0.11,
02/02/2023,"YOU SOLD VANECK ETF TR VANECK LONG MUNI ETF (MLN) (Cash)",MLN,"VANECK ETF TR VANECK LONG MUNI ETF",Cash,0,,-0.257,USD,18.25,0,,0.01,,4.68,0.01,02/06/2023
02/02/2023,"YOU SOLD TRANSPORTADORA DE GAS DEL SUR S.A SP... (TGS) (Cash)",TGS,"TRANSPORTADORA DE GAS DEL SUR S.A SPONS",Cash,0,,-1,USD,11.07,0,,0.01,,11.06,-4.67,02/06/2023
02/02/2023,"YOU SOLD SS&C TECHNOLOGIES HLDGS INC COM (SSNC) (Cash)",SSNC,"SS&C TECHNOLOGIES HLDGS INC COM",Cash,0,,-0.467,USD,63.06,0,,0.01,,29.44,-15.73,02/06/2023
02/02/2023,"YOU SOLD NICE LTD ADR-EACH CNV INTO 1 ORD ILS1 (NICE) (Cash)",NICE,"NICE LTD ADR-EACH CNV INTO 1 ORD ILS1",Cash,0,,-0.06,USD,224.37,0,,0.01,,13.45,-45.17,02/06/2023
02/02/2023,"YOU BOUGHT HEARTLAND EXPRESS INC (HTLD) (Cash)",HTLD,"HEARTLAND EXPRESS INC",Cash,0,,0.279,USD,17.88,0,,,,-4.99,-58.62,02/06/2023
02/02/2023,"YOU BOUGHT FIRST TR EXCHANGE TRADED FD III FIRS... (FPE) (Cash)",FPE,"FIRST TR EXCHANGE TRADED FD III FIRST T",Cash,0,,2,USD,18.27,0,,,,-36.53,-53.63,02/06/2023
02/02/2023,"YOU BOUGHT FIRST TR EXCHANGE TRADED FD III FIRS... (FPE) (Cash)",FPE,"FIRST TR EXCHANGE TRADED FD III FIRST T",Cash,0,,0.936,USD,18.27,0,,,,-17.1,-17.10,02/06/2023
02/02/2023,"TRANSFERRED TO VS Z21-438083-1 (Cash)", ,"No Description",Cash,0,,0.000,USD,,0,,,,-30,0.00,
02/02/2023,"TRANSFERRED TO VS Z09-658794-1 (Cash)", ,"No Description",Cash,0,,0.000,USD,,0,,,,-30,30.00,
02/02/2023,"TRANSFERRED TO VS 239-574793-1 PRIOR CONTRIBUTION (Cash)", ,"No Description",Cash,0,,0.000,USD,,0,,,,-101.97,60.00,
02/02/2023,"DIRECT DEPOSIT COM2 TREAS 3 FED SAL (Cash)", ,"No Description",Cash,0,,0.000,USD,,0,,,,160,161.97,
02/01/2023,"DIVIDEND RECEIVED QUEST DIAGNOSTICS INC COM USD0.01 (DGX) (Cash)",DGX,"QUEST DIAGNOSTICS INC COM USD0.01",Cash,0,,0.000,USD,,0,,,,0.45,1.97,
02/01/2023,"DIVIDEND RECEIVED NATIONAL HEALTHCARE CORP (NHC) (Cash)",NHC,"NATIONAL HEALTHCARE CORP",Cash,0,,0.000,USD,,0,,,,0.69,1.52,
01/31/2023,"REINVESTMENT FIRST TR EXCHANGE TRADED FD III FIRS... (FPE) (Cash)",FPE,"FIRST TR EXCHANGE TRADED FD III FIRST T",Cash,0,,0.017,USD,18.02,0,,,,-0.31,0.83,
01/31/2023,"DIVIDEND RECEIVED FIRST TR EXCHANGE TRADED FD III FIRS... (FPE) (Cash)",FPE,"FIRST TR EXCHANGE TRADED FD III FIRST T",Cash,0,,0.000,USD,,0,,,,0.31,1.14,
01/31/2023,"REINVESTMENT FID L/T TREASURY BOND INDEX FUND (FNBGX) (Cash)",FNBGX,"FID L/T TREASURY BOND INDEX FUND",Cash,0,,0.062,USD,10.83,0,,,,-0.67,0.83,
01/31/2023,"DIVIDEND RECEIVED FID L/T TREASURY BOND INDEX FUND (FNBGX) (Cash)",FNBGX,"FID L/T TREASURY BOND INDEX FUND",Cash,0,,0.000,USD,,0,,,,0.67,1.50,
01/31/2023,"DIVIDEND RECEIVED FIDELITY GOVERNMENT MONEY MARKET (SPAXX) (Cash)",SPAXX,"FIDELITY GOVERNMENT MONEY MARKET",Cash,0,,0.000,USD,,0,,,,0.05,0.83,
01/31/2023,"REINVESTMENT FIDELITY CAPITAL & INCOME (FAGIX) (Cash)",FAGIX,"FIDELITY CAPITAL & INCOME",Cash,0,,0.075,USD,9.35,0,,,,-0.7,0.78,
01/31/2023,"DIVIDEND RECEIVED FIDELITY CAPITAL & INCOME (FAGIX) (Cash)",FAGIX,"FIDELITY CAPITAL & INCOME",Cash,0,,0.000,USD,,0,,,,0.7,1.48,
01/27/2023,"DIVIDEND RECEIVED as of Jan-26-2023 PETROLEO BRASILEIRO SA PETROBRAS SPO... (PBR) (Cash)",PBR,"PETROLEO BRASILEIRO SA PETROBRAS SPON A",Cash,0,,0.000,USD,,0,,,,0.01,0.78,
01/27/2023,"FOREIGN TAX PAID as of Jan-26-2023 PETROLEO BRASILEIRO SA PETROBRAS SPO... (PBR) (Cash)",PBR,"PETROLEO BRASILEIRO SA PETROBRAS SPON A",Cash,0,,0.000,USD,,0,,,,-0.01,0.77,
01/27/2023,"DIVIDEND RECEIVED as of Jan-26-2023 PETROLEO BRASILEIRO SA PETROBRAS SPO... (PBR) (Cash)",PBR,"PETROLEO BRASILEIRO SA PETROBRAS SPON A",Cash,0,,0.000,USD,,0,,,,0.03,0.78,
01/27/2023,"DIVIDEND RECEIVED as of Jan-26-2023 PETROLEO BRASILEIRO SA PETROBRAS SPO... (PBR) (Cash)",PBR,"PETROLEO BRASILEIRO SA PETROBRAS SPON A",Cash,0,,0.000,USD,,0,,,,0.73,0.75,
01/27/2023,"YOU BOUGHT J P MORGAN EXCHANGE TRADED FD INTL B... (JPIB) (Cash)",JPIB,"J P MORGAN EXCHANGE TRADED FD INTL BD O",Cash,0,,0.862,USD,47.38,0,,,,-40.84,0.02,01/31/2023
01/27/2023,"YOU SOLD FRANCHISE GROUP INC COM *CASH MERGER... (35180X105) (Cash)",35180X105,"FRANCHISE GROUP INC COM *CASH MERGER AT",Cash,0,,-0.7,USD,30.75,0,,0.01,,21.52,40.86,01/31/2023
01/27/2023,"YOU SOLD ENTRAVISION COMMUNICATIONS CORP (EVC) (Cash)",EVC,"ENTRAVISION COMMUNICATIONS CORP",Cash,0,,-3,USD,6.44,0,,0.01,,19.32,19.34,01/31/2023
01/24/2023,"DIVIDEND RECEIVED INGREDION INC COM USD0.01 (INGR) (Cash)",INGR,"INGREDION INC COM USD0.01",Cash,0,,0.000,USD,,0,,,,0.44,0.02,
01/24/2023,"YOU BOUGHT VANECK ETF TR FALLEN ANGEL HIGH YLD ... (ANGL) (Cash)",ANGL,"VANECK ETF TR FALLEN ANGEL HIGH YLD BD ",Cash,0,,0.559,USD,27.95,0,,,,-15.62,-0.42,01/26/2023
01/24/2023,"YOU SOLD FIRST AMERICAN FINANCIAL CORP (FAF) (Cash)",FAF,"FIRST AMERICAN FINANCIAL CORP",Cash,0,,-0.132,USD,61.55,0,,0.01,,8.11,15.20,01/26/2023
01/24/2023,"YOU BOUGHT PROSPECTUS UNDER SEPARATE COVER FIDELITY CAPITAL & INCOME (FAGIX) (Cash)",FAGIX,"FIDELITY CAPITAL & INCOME",Cash,0,,2.168,USD,9.33,0,,,,-20.23,7.09,01/25/2023
01/24/2023,"YOU SOLD CARRIER GLOBAL CORPORATION COM (CARR) (Cash)",CARR,"CARRIER GLOBAL CORPORATION COM",Cash,0,,-0.213,USD,43.47,0,,0.01,,9.25,27.32,01/26/2023
01/24/2023,"YOU SOLD BROADCOM INC COM (AVGO) (Cash)",AVGO,"BROADCOM INC COM",Cash,0,,-0.017,USD,582.01,0,,0.01,,9.88,18.07,01/26/2023
01/24/2023,"YOU SOLD BRT APARTMENTS CORP COM (BRT) (Cash)",BRT,"BRT APARTMENTS CORP COM",Cash,0,,-0.409,USD,20.02,0,,0.01,,8.18,8.19,01/26/2023
01/23/2023,"YOU BOUGHT KIMBERLY-CLARK CORP COM (KMB) (Cash)",KMB,"KIMBERLY-CLARK CORP COM",Cash,0,,0.289,USD,134.87,0,,,,-38.98,0.01,01/25/2023
01/23/2023,"YOU BOUGHT DOMINION ENERGY INC COM (D) (Cash)",D,"DOMINION ENERGY INC COM",Cash,0,,0.284,USD,63.27,0,,,,-17.97,38.99,01/25/2023
01/23/2023,"YOU SOLD ASML HOLDING NV EUR0.09 NY REGISTRY ... (ASML) (Cash)",ASML,"ASML HOLDING NV EUR0.09 NY REGISTRY SHS",Cash,0,,-0.084,USD,669.62,0,,0.01,,56.24,56.96,01/25/2023
01/19/2023,"Electronic Funds Transfer Paid (Cash)",,"No Description",Cash,0,,0.000,USD,,0,,,,-395,0.72,
01/19/2023,"DIRECT DEPOSIT COM2 TREAS 3 FED SAL (Cash)", ,"No Description",Cash,0,,0.000,USD,,0,,,,160,395.72,
01/18/2023,"Electronic Funds Transfer Paid (Cash)",,"No Description",Cash,0,,0.000,USD,,0,,,,-181,235.72,
01/17/2023,"DIVIDEND RECEIVED FRANCHISE GROUP INC COM *CASH MERGER... (35180X105) (Cash)",35180X105,"FRANCHISE GROUP INC COM *CASH MERGER AT",Cash,0,,0.000,USD,,0,,,,4.31,416.72,
01/17/2023,"YOU SOLD J P MORGAN EXCHANGE TRADED FD INTL B... (JPIB) (Cash)",JPIB,"J P MORGAN EXCHANGE TRADED FD INTL BD O",Cash,0,,-5,USD,47.14,0,,0.01,,235.69,412.41,01/19/2023
01/17/2023,"Electronic Funds Transfer Received (Cash)", ,"No Description",Cash,0,,0.000,USD,,0,,,,176.64,176.72,
01/13/2023,"YOU BOUGHT QUEST DIAGNOSTICS INC COM USD0.01 (DGX) (Cash)",DGX,"QUEST DIAGNOSTICS INC COM USD0.01",Cash,0,,0.092,USD,147.33,0,,,,-13.55,0.08,01/18/2023
01/13/2023,"YOU SOLD PROLOGIS INC. COM (PLD) (Cash)",PLD,"PROLOGIS INC. COM",Cash,0,,-0.069,USD,122.03,0,,0.01,,8.41,13.63,01/18/2023
01/13/2023,"YOU SOLD MEDICAL PROPERTIES TRUST INC (MPW) (Cash)",MPW,"MEDICAL PROPERTIES TRUST INC",Cash,0,,-0.406,USD,12.87,0,,0.01,,5.22,5.22,01/18/2023
01/12/2023,"DIVIDEND RECEIVED MEDICAL PROPERTIES TRUST INC (MPW) (Cash)",MPW,"MEDICAL PROPERTIES TRUST INC",Cash,0,,0.000,USD,,0,,,,1.39,0.00,
01/12/2023,"EXPIRED AMERICA MOVIL LE C.VSER L ADR CONTRA *EXPIRED POSITION* AMERICA MOVIL LE C.V SER L ADR CONTR... (023CNT017) (Cash)",023CNT017,"AMERICA MOVIL LE C.V SER L ADR CONTRA *",Cash,0,,-1,USD,,0,,,,0.00,-1.39,
01/12/2023,"YOU SOLD SS&C TECHNOLOGIES HLDGS INC COM (SSNC) (Cash)",SSNC,"SS&C TECHNOLOGIES HLDGS INC COM",Cash,0,,-0.097,USD,55.25,0,,0.01,,5.35,-1.39,01/17/2023
01/12/2023,"YOU SOLD ISHARES TR JP MOR EM MK ETF (EMB) (Cash)",EMB,"ISHARES TR JP MOR EM MK ETF",Cash,0,,-0.142,USD,87.63,0,,0.01,,12.43,-6.74,01/17/2023
01/12/2023,"YOU BOUGHT PROSPECTUS UNDER SEPARATE COVER FIDELITY CAPITAL & INCOME (FAGIX) (Cash)",FAGIX,"FIDELITY CAPITAL & INCOME",Cash,0,,2.057,USD,9.33,0,,,,-19.19,-19.17,01/13/2023
01/11/2023,"YOU BOUGHT FIRST TR EXCHANGE TRADED FD III FIRS... (FPE) (Cash)",FPE,"FIRST TR EXCHANGE TRADED FD III FIRST T",Cash,0,,1,USD,17.5,0,,,,-17.5,0.02,01/13/2023
01/11/2023,"YOU BOUGHT FIRST TR EXCHANGE TRADED FD III FIRS... (FPE) (Cash)",FPE,"FIRST TR EXCHANGE TRADED FD III FIRST T",Cash,0,,0.135,USD,17.51,0,,,,-2.36,17.52,01/13/2023
01/11/2023,"YOU SOLD ASML HOLDING NV EUR0.09 NY REGISTRY ... (ASML) (Cash)",ASML,"ASML HOLDING NV EUR0.09 NY REGISTRY SHS",Cash,0,,-0.031,USD,640.92,0,,0.01,,19.86,19.88,01/13/2023
01/09/2023,"YOU BOUGHT VULCAN MATERIALS CO (VMC) (Cash)",VMC,"VULCAN MATERIALS CO",Cash,0,,0.096,USD,180.65,0,,,,-17.34,0.02,01/11/2023
01/09/2023,"YOU SOLD BROADCOM INC COM (AVGO) (Cash)",AVGO,"BROADCOM INC COM",Cash,0,,-0.017,USD,598.5,0,,0.01,,10.16,17.36,01/11/2023
01/09/2023,"YOU SOLD LYONDELLBASELL INDUSTRIES N V COM EU... (LYB) (Cash)",LYB,"LYONDELLBASELL INDUSTRIES N V COM EUR0.",Cash,0,,-0.079,USD,91.06,0,,0.01,,7.18,7.20,01/11/2023
01/06/2023,"YOU SOLD VALE S.A. SPONS ADS REPR 1 COM NPV (VALE) (Cash)",VALE,"VALE S.A. SPONS ADS REPR 1 COM NPV",Cash,0,,-0.288,USD,17.61,0,,0.01,,5.06,0.02,01/10/2023
01/06/2023,"YOU BOUGHT PROLOGIS INC. COM (PLD) (Cash)",PLD,"PROLOGIS INC. COM",Cash,0,,0.034,USD,114.92,0,,,,-3.91,-5.04,01/10/2023
01/06/2023,"YOU SOLD HUNTSMAN CORP (HUN) (Cash)",HUN,"HUNTSMAN CORP",Cash,0,,-0.18,USD,30.49,0,,0.01,,5.48,-1.13,01/10/2023
01/06/2023,"YOU SOLD FRANCHISE GROUP INC COM *CASH MERGER... (35180X105) (Cash)",35180X105,"FRANCHISE GROUP INC COM *CASH MERGER AT",Cash,0,,-0.229,USD,29.31,0,,0.01,,6.7,-6.61,01/10/2023
01/06/2023,"YOU BOUGHT CARRIER GLOBAL CORPORATION COM (CARR) (Cash)",CARR,"CARRIER GLOBAL CORPORATION COM",Cash,0,,0.394,USD,42.96,0,,,,-16.93,-13.31,01/10/2023
01/06/2023,"YOU SOLD GLOBAL SHIP LEASE INC COM USD0.01 CL... (GSL) (Cash)",GSL,"GLOBAL SHIP LEASE INC COM USD0.01 CL A ",Cash,0,,-0.12,USD,16.15,0,,0.01,,1.93,3.62,01/10/2023
01/05/2023,"DIVIDEND RECEIVED BRT APARTMENTS CORP COM (BRT) (Cash)",BRT,"BRT APARTMENTS CORP COM",Cash,0,,0.000,USD,,0,,,,1.69,1.69,
01/05/2023,"TRANSFERRED TO VS Z21-438083-1 (Cash)", ,"No Description",Cash,0,,0.000,USD,,0,,,,-30,0.00,
01/05/2023,"TRANSFERRED TO VS Z09-658794-1 (Cash)", ,"No Description",Cash,0,,0.000,USD,,0,,,,-30,30.00,
01/05/2023,"TRANSFERRED TO VS 239-574793-1 PRIOR CONTRIBUTION (Cash)", ,"No Description",Cash,0,,0.000,USD,,0,,,,-100.02,60.00,
01/05/2023,"DIRECT DEPOSIT COM2 TREAS 3 FED SAL (Cash)", ,"No Description",Cash,0,,0.000,USD,,0,,,,160,160.02,
01/04/2023,"DIVIDEND RECEIVED KIMBERLY-CLARK CORP COM (KMB) (Cash)",KMB,"KIMBERLY-CLARK CORP COM",Cash,0,,0.000,USD,,0,,,,0.74,0.02,
01/04/2023,"DIVIDEND RECEIVED J P MORGAN EXCHANGE TRADED FD INTL B... (JPIB) (Cash)",JPIB,"J P MORGAN EXCHANGE TRADED FD INTL BD O",Cash,0,,0.000,USD,,0,,,,0.32,-0.72,
01/04/2023,"YOU SOLD PROLOGIS INC. COM (PLD) (Cash)",PLD,"PROLOGIS INC. COM",Cash,0,,-0.07,USD,116.52,0,,0.01,,8.15,-1.04,01/06/2023
01/04/2023,"YOU SOLD HUNTSMAN CORP (HUN) (Cash)",HUN,"HUNTSMAN CORP",Cash,0,,-0.19,USD,29.02,0,,0.01,,5.5,-9.19,01/06/2023
01/04/2023,"YOU BOUGHT HIGHPEAK ENERGY INC COM (HPK) (Cash)",HPK,"HIGHPEAK ENERGY INC COM",Cash,0,,1,USD,22.08,0,,,,-22.08,-14.69,01/06/2023
01/04/2023,"YOU BOUGHT HIGHPEAK ENERGY INC COM (HPK) (Cash)",HPK,"HIGHPEAK ENERGY INC COM",Cash,0,,0.069,USD,22.08,0,,,,-1.52,7.39,01/06/2023
01/04/2023,"YOU SOLD FIRST AMERICAN FINANCIAL CORP (FAF) (Cash)",FAF,"FIRST AMERICAN FINANCIAL CORP",Cash,0,,-0.18,USD,55.64,0,,0.01,,10.01,8.91,01/06/2023
01/04/2023,"YOU SOLD LYONDELLBASELL INDUSTRIES N V COM EU... (LYB) (Cash)",LYB,"LYONDELLBASELL INDUSTRIES N V COM EUR0.",Cash,0,,-0.08,USD,85.58,0,,0.01,,6.84,-1.10,01/06/2023
01/04/2023,"YOU BOUGHT BUNGE LIMITED COM STK USD0.01 *EXCHA... (G16962105) (Cash)",G16962105,"BUNGE LIMITED COM STK USD0.01 *EXCHANGE",Cash,0,,0.084,USD,94.54,0,,,,-7.94,-7.94,01/06/2023
01/03/2023,"REINVESTMENT as of Dec-30-2022 VANECK ETF TR VANECK LONG MUNI ETF (MLN) (Cash)",MLN,"VANECK ETF TR VANECK LONG MUNI ETF",Cash,0,,0.038,USD,17.46,0,,,,-0.66,0.00,
01/03/2023,"REINVESTMENT as of Dec-30-2022 VANECK ETF TR FALLEN ANGEL HIGH YLD ... (ANGL) (Cash)",ANGL,"VANECK ETF TR FALLEN ANGEL HIGH YLD BD ",Cash,0,,0.026,USD,26.98,0,,,,-0.7,0.66,
01/03/2023,"DIVIDEND RECEIVED as of Dec-30-2022 VANECK ETF TR FALLEN ANGEL HIGH YLD ... (ANGL) (Cash)",ANGL,"VANECK ETF TR FALLEN ANGEL HIGH YLD BD ",Cash,0,,0.000,USD,,0,,,,0.7,1.36,
01/03/2023,"DIVIDEND RECEIVED as of Dec-30-2022 VANECK ETF TR VANECK LONG MUNI ETF (MLN) (Cash)",MLN,"VANECK ETF TR VANECK LONG MUNI ETF",Cash,0,,0.000,USD,,0,,,,0.66,0.66,
01/03/2023,"TRANSFERRED TO VS 239-574793-1 PRIOR CONTRIBUTION (Cash)", ,"No Description",Cash,0,,0.000,USD,,0,,,,-4.3,0.00,



"The data and information in this spreadsheet is provided to you solely for your use and is not for distribution. The spreadsheet is provided for"
"informational purposes only, and is not intended to provide advice, nor should it be construed as an offer to sell, a solicitation of an offer to buy or a"
"recommendation for any security or insurance product by Fidelity or any third party. Data and information shown is based on information known to Fidelity as of the date it was"
"exported and is subject to change. It should not be used in place of your account statements or trade confirmations and is not intended for tax reporting"
"purposes. For more information on the data included in this spreadsheet, including any limitations thereof, go to Fidelity.com."

"Brokerage services are provided by Fidelity Brokerage Services LLC (FBS), 900 Salem Street, Smithfield, RI 02917. Custody and other services provided by National"
"Financial Services LLC (NFS). Both are Fidelity Investment companies and members SIPC, NYSE. Insurance products at Fidelity are distributed by"
"Fidelity Insurance Agency, Inc., and, for certain products, by Fidelity Brokerage Services, Member NYSE, SIPC."

Date downloaded 08/03/2025 10:44 pm